2970 4964
231 314 304 387 264
519 334 742 387 racnmsnor
767 314 889 389 anrr's
914 333 1098 391 manum.

235 507 271 565 to
287 503 411 566 Robert
432 505 472 568 de
496 505 652 580 Hacford,
674 504 854 567 ‘dilectum
876 510 912 567 et
934 505 1065 568 fidelem
1081 503 1248 584 nostrum‚'
1269 505 1320 569 t'or
1342 503 1389 569 all

236 607 399 678 accounts,
416 606 490 677 etc,
506 601 589 663 from
605 601 662 663 the
677 601 759 663 time
780 602 821 663 he
841 602 954 664 served
969 623 1017 680 us,
1033 623 1079 685 up
1093 607 1128 666 to
1144 603 1211 666 this
1226 602 1390 666 Michael-

237 698 392 759 mas-he
409 698 531 779 having
546 697 704 759 rendered
719 718 757 759 us
771 719 791 760 a
806 697 870 759 full
885 703 1034 761 account.

575 1170 685 1232 Annus
707 1169 905 1233 Tarcnsnms
928 1169 1060 1234 Smrns.

283 1372 430 1436 CXLIX.
477 1371 633 1447 Ormnorr,
660 1370 699 1433 16
730 1370 796 1435 kal.
821 1370 1087 1434 Feb.-General
1117 1374 1326 1455 acquittance
1353 1377 1389 1437 to

239 1470 295 1532 the
312 1468 421 1531 bailiff
434 1469 470 1530 of
483 1467 688 1530 Clrirchedun
704 1489 749 1550 up
765 1474 799 1530 to
816 1466 864 1531 St.
878 1468 1018 1550 Hilary's
1033 1468 1106 1551 day,
1117 1490 1203 1531 anno
1215 1471 1324 1533 xxxvi.

282 1667 345 1730 CL.
393 1663 460 1750 [No
491 1663 831 1750 dcta.]-Omnibus‚
862 1670 924 1727 etc.
970 1665 1138 1727 Noveritis
1167 1686 1225 1728 nos
1256 1686 1388 1730 conces-

239 1767 315 1827 sisse
331 1769 365 1827 et
386 1764 510 1826 dedisse
533 1762 655 1825 dilecto
679 1770 713 1825 et
736 1762 826 1826 fideli
849 1768 969 1838 nostro,
985 1762 1153 1825 Willelmo
1173 1763 1215 1827 de
1235 1763 1387 1842 Bradele‚

238 1862 419 1924 custodiam
435 1866 593 1921 terrarum
605 1860 741 1920 Henrici
753 1860 793 1920 de
804 1858 964 1920 Merefeld
976 1879 1052 1920 cum
1067 1859 1216 1922 omnibus
1231 1861 1298 1922 suis
1313 1882 1387 1944 per·

237 1959 398 2031 tinentiis,
431 1957 605 2017 tenendam
636 1961 668 2016 et
704 1954 887 2017 habendam
917 1956 1026 2017 eidem
1056 1961 1090 2017 et
1120 1956 1302 2019 haeredibus
1333 1957 1386 2021 vel

237 2056 406 2137 assignatis
422 2055 488 2115 suis
503 2075 604 2135 usque
616 2054 657 2116 ad
669 2054 855 2135 legitimam
867 2057 998 2116 aetatem
1010 2054 1147 2117 haeredis
1162 2055 1311 2136 praedicti
1331 2055 1386 2131 H.‚

238 2152 326 2214 salvo
342 2149 510 2211 Willelmo
531 2150 571 2211 de
594 2149 775 2211 Thorinton
796 2151 937 2211 termino
956 2149 1057 2212 firmae
1077 2151 1231 2233 quamde
1250 2152 1387 2234 praefato

238 2248 381 2310 Henrico
397 2245 513 2306 habuit
526 2246 560 2306 in
579 2245 734 2327 praedicta
745 2250 841 2307 terra.
877 2245 994 2307 Eidem
1006 2247 1107 2307 etiam
1122 2247 1174 2308 W.
1191 2247 1231 2308 de
1247 2247 1388 2311 Bradele
1420 2254 1422 2258 '

239 2343 446 2406 concedimus
484 2345 518 2402 et
549 2340 704 2402 donamus
735 2341 946 2422 maritagium
981 2340 1042 2402 filii
1073 2346 1107 2403 et
1137 2341 1273 2405 haeredis
1303 2344 1386 2406 dicti

239 2439 387 2514 Homini,
411 2439 469 2519 qui
492 2439 520 2498 si
543 2436 717 2498 decesserit
740 2442 916 2518 antequam
942 2437 984 2498 ad
1004 2442 1135 2499 aetatem
1158 2438 1288 2520 plenam
1313 2461 1388 2523 pcr-

238 2537 366 2599 venerit
375 2540 410 2597 et
422 2535 596 2616 peripsum
610 2533 659 2594 W.
671 2534 772 2595 fuerit
783 2534 965 2609 maritatus,
974 2532 1124 2595 volumus
1133 2539 1168 2595 et
1179 2537 1387 2600 concedimus

237 2633 325 2716 quod
341 2631 552 2712 maritagium
563 2627 699 2691 alterius
714 2628 830 2691 haered'
845 2629 964 2691 habeat
979 2649 1054 2690 cum
1066 2630 1212 2693 custodia
1221 2630 1388 2694 dictarum

238 2735 399 2792 terrarum
429 2731 463 2787 ct
494 2746 605 2787 earum
636 2726 883 2807 pertinentium,
922 2726 1024 2787 donec
1054 2726 1122 2808 ipse
1153 2725 1313 2808 legitimae
1344 2729 1389 2790 sit

238 2825 344 2888 atatis
358 2845 366 2895 3
382 2823 476 2883 etsie
492 2821 532 2882 de
549 2821 674 2882 haerede
690 2821 724 2881 in
740 2820 912 2894 haeredem,
924 2820 1025 2882 donec
1040 2820 1159 2903 aliquis
1175 2842 1287 2884 eorum
1303 2823 1389 2906 legi-

237 2921 355 2982 timam
379 2923 509 2980 aetatem
532 2918 694 2998 attigerit,
715 2921 749 2978 et
771 2937 828 2997 per
851 2917 978 2977 dictum
1007 2917 1059 2978 W.
1084 2916 1137 2979 vel
1159 2917 1301 2981 haeredes
1328 2925 1389 2981 aut

238 3016 416 3095 assignatos
446 3034 518 3073 suos
548 3012 649 3072 fuerit
673 3012 854 3072 maritatus.
911 3012 984 3094 Ipse
1010 3013 1111 3075 etiarn
1135 3012 1323 3077 Willelmus
1353 3021 1390 3078 et

238 3110 380 3174 haeredes
396 3109 447 3171 vel
464 3108 617 3189 assignati
634 3109 695 3183 sui,
706 3107 843 3169 durante
860 3109 998 3171 termino
1015 3109 1179 3186 custodiae,
1189 3109 1228 3172 de
1244 3114 1391 3175 servitiis

238 3207 422 3271 addictam
444 3210 563 3266 terram
588 3204 828 3286 pertinentibus
851 3203 1101 3285 respondebunt.
1149 3206 1188 3267 In
1212 3206 1305 3290 cujus
1329 3211 1390 3287 rei,

239 3310 301 3368 etc.

285 3503 366 3565 CLI.
412 3499 542 3575 Lanuui,
565 3501 603 3560 12
627 3498 693 3559 kal.
713 3497 841 3575 Martii,
862 3495 1068 3561 mccl⁰.—W.
1092 3500 1155 3562 Dei
1177 3503 1296 3583 gratia
1313 3509 1390 3580 eta,

240 3600 360 3662 dilecto
390 3598 427 3658 in
457 3596 585 3659 Christo
620 3594 688 3656 filio
723 3595 894 3657 Albertino
923 3597 1034 3678 nepoti
1067 3597 1192 3659 domini
1224 3599 1390 3664 Willelmi

240 3695 280 3757 de
296 3695 424 3766 Parma,
442 3692 566 3753 domini
588 3711 679 3773 papae
701 3689 861 3772 capellani
885 3712 921 3753 ac
944 3692 1045 3773 ipsius
1069 3693 1238 3755 literarum
1258 3702 1391 3760 contra·

241 3793 402 3855 dictarum
436 3787 603 3863 auditoris,
635 3787 772 3849 salutem
809 3789 842 3848 in
878 3788 1027 3849 Domino.
1089 3789 1139 3852 Ob
1168 3795 1391 3856 reverentiam

239 3885 433 3952 venerabilis
449 3884 549 3965 patris
566 3884 690 3945 domini
713 3883 734 3945 J
736 3884 872 3946 ohannis
895 3883 1007 3946 Sancti
1023 3884 1191 3947 Laurentii
1206 3889 1243 3948 in
1258 3887 1391 3954 Lucina

238 3979 615 4068 presbyteri-cardinalis,
640 3978 731 4061 cujus
761 3979 932 4041 affectibus
963 3982 1149 4063 appetimus
1171 4003 1229 4065 pro
1260 3985 1391 4050 viribus

238 4080 448 4162 complacere,
479 4076 684 4138 concedimus
714 4075 804 4137 vobis
833 4077 978 4159 quinque
1001 4097 1122 4140 marcas
1153 4079 1391 4164 sterlingorum

237 4174 461 4262 percipiendas
477 4172 562 4232 infra
578 4171 709 4233 octabas
732 4172 860 4234 Sanctae
882 4173 1057 4235 Trinitatis
1078 4173 1118 4235 de
1133 4181 1242 4237 nostra
1257 4197 1391 4244 camera

237 4272 408 4335 annuatim
424 4289 481 4350 per
496 4288 609 4329 manus
625 4268 706 4329 certi
722 4269 937 4348 procuratoris
961 4270 1061 4330 vestri
1083 4269 1125 4331 ad
1148 4291 1261 4334 earum
1277 4295 1392 4362 recep-

238 4371 361 4431 tionem
383 4388 439 4448 per
455 4367 535 4428 dicti
553 4365 677 4427 domini
695 4365 866 4428 cardinalis
882 4388 939 4428 seu
955 4372 1076 4428 vestras
1090 4366 1202 4430 literas
1221 4369 1390 4454 deputati.

235 4462 276 4525 In
293 4463 383 4544 cnjus
399 4462 621 4537 concessionis,
637 4467 699 4521 etc.
