<?xml version="1.0" encoding="UTF-8"?>
<!DOCTYPE html PUBLIC "-//W3C//DTD XHTML 1.0 Transitional//EN"
    "http://www.w3.org/TR/xhtml1/DTD/xhtml1-transitional.dtd">
<html xmlns="http://www.w3.org/1999/xhtml" xml:lang="en" lang="en">
 <head>
  <title>
</title>
<meta http-equiv="Content-Type" content="text/html;charset=utf-8" />
  <meta name='ocr-system' content='tesseract 3.04.00' />
  <meta name='ocr-capabilities' content='ocr_page ocr_carea ocr_par ocr_line ocrx_word'/>
</head>
<body>
  <div class='ocr_page' id='page_1' title='image "./registerorrolls00graygoog_0277.png"; bbox 0 0 2970 4964; ppageno 0'>
   <div class='ocr_carea' id='block_1_1' title="bbox 161 323 1027 402">
    <p class='ocr_par' dir='ltr' id='par_1_1' title="bbox 161 323 1027 402">
     <span class='ocr_line' id='line_1_1' title="bbox 161 323 1027 402; baseline -0.002 -1"><span class='ocrx_word' id='word_1_1' title='bbox 161 330 233 402; x_wconf 82' lang='lat'>216</span> <span class='ocrx_word' id='word_1_2' title='bbox 447 344 670 399; x_wconf 76' lang='lat' dir='ltr'>menarsnor</span> <span class='ocrx_word' id='word_1_3' title='bbox 695 323 818 398; x_wconf 83' lang='lat' dir='ltr'>smr’s</span> <span class='ocrx_word' id='word_1_4' title='bbox 842 342 1027 399; x_wconf 67' lang='lat' dir='ltr'>araneax,</span> 
     </span>
    </p>
   </div>
   <div class='ocr_carea' id='block_1_2' title="bbox 162 513 1329 2718">
    <p class='ocr_par' dir='ltr' id='par_1_2' title="bbox 162 513 1329 2718">
     <span class='ocr_line' id='line_1_2' title="bbox 162 513 1317 599; baseline -0.003 -20"><span class='ocrx_word' id='word_1_5' title='bbox 162 519 298 580; x_wconf 86' lang='lat' dir='ltr'>tionem.</span> <span class='ocrx_word' id='word_1_6' title='bbox 344 516 392 577; x_wconf 86' lang='lat' dir='ltr'>Ex</span> <span class='ocrx_word' id='word_1_7' title='bbox 410 519 502 598; x_wconf 87' lang='lat' dir='ltr'>parte</span> <span class='ocrx_word' id='word_1_8' title='bbox 525 521 584 577; x_wconf 84' lang='lat' dir='ltr'>tua</span> <span class='ocrx_word' id='word_1_9' title='bbox 606 514 699 578; x_wconf 91' lang='lat' dir='ltr'>nobis</span> <span class='ocrx_word' id='word_1_10' title='bbox 721 515 835 577; x_wconf 89' lang='lat' dir='ltr'>extitit</span> <span class='ocrx_word' id='word_1_11' title='bbox 854 513 1027 577; x_wconf 87' lang='lat' dir='ltr'>humiliter</span> <span class='ocrx_word' id='word_1_12' title='bbox 1042 514 1265 599; x_wconf 68' lang='lat' dir='ltr'><strong>supplicatum</strong></span> <span class='ocrx_word' id='word_1_13' title='bbox 1279 517 1317 576; x_wconf 89' lang='lat' dir='ltr'>ut</span> 
     </span>
     <span class='ocr_line' id='line_1_3' title="bbox 165 611 1317 694; baseline -0.002 -19"><span class='ocrx_word' id='word_1_14' title='bbox 165 634 241 676; x_wconf 86' lang='lat' dir='ltr'>curn</span> <span class='ocrx_word' id='word_1_15' title='bbox 265 611 417 674; x_wconf 87' lang='lat' dir='ltr'>nonnulli</span> <span class='ocrx_word' id='word_1_16' title='bbox 441 612 552 672; x_wconf 86' lang='lat' dir='ltr'>clerici</span> <span class='ocrx_word' id='word_1_17' title='bbox 568 617 634 673; x_wconf 84' lang='lat' dir='ltr'>tuae</span> <span class='ocrx_word' id='word_1_18' title='bbox 649 612 794 673; x_wconf 84' lang='lat' dir='ltr'>civitatis</span> <span class='ocrx_word' id='word_1_19' title='bbox 818 616 853 672; x_wconf 90' lang='lat' dir='ltr'>et</span> <span class='ocrx_word' id='word_1_20' title='bbox 875 611 1042 673; x_wconf 89' lang='lat' dir='ltr'>dioecesios</span> <span class='ocrx_word' id='word_1_21' title='bbox 1062 632 1120 694; x_wconf 90' lang='lat' dir='ltr'>pro</span> <span class='ocrx_word' id='word_1_22' title='bbox 1143 611 1317 674; x_wconf 83' lang='lat' dir='ltr'>manifesta</span> 
     </span>
     <span class='ocr_line' id='line_1_4' title="bbox 165 707 1318 792; baseline -0.003 -20"><span class='ocrx_word' id='word_1_23' title='bbox 165 709 420 773; x_wconf 88' lang='lat' dir='ltr'>concubinarum</span> <span class='ocrx_word' id='word_1_24' title='bbox 438 709 690 782; x_wconf 79' lang='lat' dir='ltr'>cohabitatione,</span> <span class='ocrx_word' id='word_1_25' title='bbox 706 708 857 769; x_wconf 89' lang='lat' dir='ltr'>nonnulli</span> <span class='ocrx_word' id='word_1_26' title='bbox 869 728 945 769; x_wconf 84' lang='lat' dir='ltr'>vero</span> <span class='ocrx_word' id='word_1_27' title='bbox 961 728 1019 790; x_wconf 90' lang='lat' dir='ltr'>pro</span> <span class='ocrx_word' id='word_1_28' title='bbox 1035 729 1073 770; x_wconf 88' lang='lat' dir='ltr'>eo</span> <span class='ocrx_word' id='word_1_29' title='bbox 1088 710 1177 792; x_wconf 92' lang='lat' dir='ltr'>quod</span> <span class='ocrx_word' id='word_1_30' title='bbox 1192 729 1227 770; x_wconf 87' lang='lat' dir='ltr'>se</span> <span class='ocrx_word' id='word_1_31' title='bbox 1237 707 1318 769; x_wconf 83' lang='lat' dir='ltr'>saoc-</span> 
     </span>
     <span class='ocr_line' id='line_1_5' title="bbox 167 804 1318 888; baseline -0.003 -18"><span class='ocrx_word' id='word_1_32' title='bbox 167 811 235 870; x_wconf 91' lang='lat' dir='ltr'>rint</span> <span class='ocrx_word' id='word_1_33' title='bbox 262 808 303 869; x_wconf 85' lang='lat' dir='ltr'>ab</span> <span class='ocrx_word' id='word_1_34' title='bbox 327 805 442 868; x_wconf 87' lang='lat' dir='ltr'>alienis</span> <span class='ocrx_word' id='word_1_35' title='bbox 473 807 630 888; x_wconf 86' lang='lat' dir='ltr'>episcopis</span> <span class='ocrx_word' id='word_1_36' title='bbox 656 806 776 888; x_wconf 84' lang='lat' dir='ltr'>absque</span> <span class='ocrx_word' id='word_1_37' title='bbox 806 805 942 868; x_wconf 87' lang='lat' dir='ltr'>licentia</span> <span class='ocrx_word' id='word_1_38' title='bbox 972 811 1031 867; x_wconf 86' lang='lat' dir='ltr'>tna</span> <span class='ocrx_word' id='word_1_39' title='bbox 1057 807 1212 883; x_wconf 87' lang='lat' dir='ltr'>ordinari,</span> <span class='ocrx_word' id='word_1_40' title='bbox 1238 804 1318 867; x_wconf 84' lang='lat' dir='ltr'>latas</span> 
     </span>
     <span class='ocr_line' id='line_1_6' title="bbox 168 902 1320 984; baseline -0.004 -18"><span class='ocrx_word' id='word_1_41' title='bbox 168 911 280 966; x_wconf 86' lang='lat' dir='ltr'>eontra</span> <span class='ocrx_word' id='word_1_42' title='bbox 303 903 384 964; x_wconf 84' lang='lat' dir='ltr'>tales</span> <span class='ocrx_word' id='word_1_43' title='bbox 410 904 626 984; x_wconf 84' lang='lat' dir='ltr'>suspensionis</span> <span class='ocrx_word' id='word_1_44' title='bbox 648 909 682 963; x_wconf 88' lang='lat' dir='ltr'>et</span> <span class='ocrx_word' id='word_1_45' title='bbox 697 902 1043 964; x_wconf 78' lang='lat' dir='ltr'>excommunicationis</span> <span class='ocrx_word' id='word_1_46' title='bbox 1067 903 1247 964; x_wconf 83' lang='lat' dir='ltr'>sententias</span> <span class='ocrx_word' id='word_1_47' title='bbox 1271 902 1320 962; x_wconf 92' lang='lat' dir='ltr'>in·</span> 
     </span>
     <span class='ocr_line' id='line_1_7' title="bbox 167 997 1319 1081; baseline -0.003 -19"><span class='ocrx_word' id='word_1_48' title='bbox 167 1001 338 1072; x_wconf 83' lang='lat' dir='ltr'>currerint,</span> <span class='ocrx_word' id='word_1_49' title='bbox 354 1004 389 1060; x_wconf 92' lang='lat' dir='ltr'>et</span> <span class='ocrx_word' id='word_1_50' title='bbox 407 1019 518 1060; x_wconf 89' lang='lat' dir='ltr'>eorum</span> <span class='ocrx_word' id='word_1_51' title='bbox 541 999 645 1080; x_wconf 84' lang='lat' dir='ltr'>aliqui</span> <span class='ocrx_word' id='word_1_52' title='bbox 661 1019 764 1060; x_wconf 83' lang='lat' dir='ltr'>sacros</span> <span class='ocrx_word' id='word_1_53' title='bbox 780 999 981 1081; x_wconf 84' lang='lat' dir='ltr'>susceperint</span> <span class='ocrx_word' id='word_1_54' title='bbox 996 998 1134 1074; x_wconf 87' lang='lat' dir='ltr'>ordines,</span> <span class='ocrx_word' id='word_1_55' title='bbox 1150 1003 1185 1060; x_wconf 88' lang='lat' dir='ltr'>et</span> <span class='ocrx_word' id='word_1_56' title='bbox 1200 997 1319 1060; x_wconf 81' lang='lat' dir='ltr'>Divina</span> 
     </span>
     <span class='ocr_line' id='line_1_8' title="bbox 168 1094 1319 1177; baseline -0.003 -18"><span class='ocrx_word' id='word_1_57' title='bbox 168 1097 363 1159; x_wconf 85' lang='lat' dir='ltr'>celebrarint</span> <span class='ocrx_word' id='word_1_58' title='bbox 391 1095 497 1156; x_wconf 87' lang='lat' dir='ltr'>officia</span> <span class='ocrx_word' id='word_1_59' title='bbox 527 1097 573 1155; x_wconf 85' lang='lat' dir='ltr'>sie</span> <span class='ocrx_word' id='word_1_60' title='bbox 603 1094 710 1177; x_wconf 87' lang='lat' dir='ltr'>ligati,</span> <span class='ocrx_word' id='word_1_61' title='bbox 740 1095 839 1156; x_wconf 88' lang='lat' dir='ltr'>saluti</span> <span class='ocrx_word' id='word_1_62' title='bbox 870 1115 982 1156; x_wconf 89' lang='lat' dir='ltr'>eorum</span> <span class='ocrx_word' id='word_1_63' title='bbox 1012 1095 1179 1157; x_wconf 88' lang='lat' dir='ltr'>consulere</span> <span class='ocrx_word' id='word_1_64' title='bbox 1201 1095 1238 1156; x_wconf 90' lang='lat' dir='ltr'>in</span> <span class='ocrx_word' id='word_1_65' title='bbox 1260 1095 1319 1156; x_wconf 87' lang='lat' dir='ltr'>hac</span> 
     </span>
     <span class='ocr_line' id='line_1_9' title="bbox 168 1190 1320 1276; baseline -0.003 -21"><span class='ocrx_word' id='word_1_66' title='bbox 168 1199 261 1276; x_wconf 86' lang='lat' dir='ltr'>parte</span> <span class='ocrx_word' id='word_1_67' title='bbox 288 1197 423 1274; x_wconf 86' lang='lat' dir='ltr'>paterna</span> <span class='ocrx_word' id='word_1_68' title='bbox 447 1190 667 1252; x_wconf 88' lang='lat' dir='ltr'>sollicitudine</span> <span class='ocrx_word' id='word_1_69' title='bbox 693 1211 898 1266; x_wconf 84' lang='lat' dir='ltr'>curaremus3</span> <span class='ocrx_word' id='word_1_70' title='bbox 922 1212 980 1253; x_wconf 88' lang='lat' dir='ltr'>nos</span> <span class='ocrx_word' id='word_1_71' title='bbox 1000 1193 1113 1274; x_wconf 81' lang='lat' dir='ltr'>itaque</span> <span class='ocrx_word' id='word_1_72' title='bbox 1136 1196 1205 1254; x_wconf 83' lang='lat' dir='ltr'>tuae</span> <span class='ocrx_word' id='word_1_73' title='bbox 1225 1190 1320 1253; x_wconf 85' lang='lat' dir='ltr'>devo-</span> 
     </span>
     <span class='ocr_line' id='line_1_10' title="bbox 170 1286 1320 1370; baseline -0.002 -19"><span class='ocrx_word' id='word_1_74' title='bbox 170 1290 270 1351; x_wconf 87' lang='lat' dir='ltr'>tionis</span> <span class='ocrx_word' id='word_1_75' title='bbox 291 1286 441 1370; x_wconf 89' lang='lat' dir='ltr'>precibus</span> <span class='ocrx_word' id='word_1_76' title='bbox 469 1286 632 1360; x_wconf 84' lang='lat' dir='ltr'>inclinati,</span> <span class='ocrx_word' id='word_1_77' title='bbox 659 1288 869 1368; x_wconf 85' lang='lat' dir='ltr'>praeseutium</span> <span class='ocrx_word' id='word_1_78' title='bbox 893 1287 957 1348; x_wconf 91' lang='lat' dir='ltr'>tibi</span> <span class='ocrx_word' id='word_1_79' title='bbox 984 1289 1181 1349; x_wconf 83' lang='lat' dir='ltr'>auctoritate</span> <span class='ocrx_word' id='word_1_80' title='bbox 1209 1306 1320 1348; x_wconf 81' lang='lat' dir='ltr'>conce-</span> 
     </span>
     <span class='ocr_line' id='line_1_11' title="bbox 171 1381 1321 1465; baseline -0.004 -18"><span class='ocrx_word' id='word_1_81' title='bbox 171 1386 278 1448; x_wconf 87' lang='lat' dir='ltr'>dimus</span> <span class='ocrx_word' id='word_1_82' title='bbox 305 1388 343 1444; x_wconf 86' lang='lat' dir='ltr'>ut</span> <span class='ocrx_word' id='word_1_83' title='bbox 368 1382 538 1465; x_wconf 80' lang='lat' dir='ltr'>prredictos</span> <span class='ocrx_word' id='word_1_84' title='bbox 563 1381 695 1444; x_wconf 87' lang='lat' dir='ltr'>clericos</span> <span class='ocrx_word' id='word_1_85' title='bbox 721 1382 779 1443; x_wconf 89' lang='lat' dir='ltr'>hac</span> <span class='ocrx_word' id='word_1_86' title='bbox 804 1383 874 1444; x_wconf 80' lang='lat' dir='ltr'>vice</span> <span class='ocrx_word' id='word_1_87' title='bbox 899 1383 1063 1445; x_wconf 87' lang='lat' dir='ltr'>absolvere</span> <span class='ocrx_word' id='word_1_88' title='bbox 1087 1383 1207 1458; x_wconf 86' lang='lat' dir='ltr'>valeas,</span> <span class='ocrx_word' id='word_1_89' title='bbox 1226 1381 1321 1465; x_wconf 83' lang='lat' dir='ltr'>juxta</span> 
     </span>
     <span class='ocr_line' id='line_1_12' title="bbox 170 1478 1321 1560; baseline -0.002 -18"><span class='ocrx_word' id='word_1_90' title='bbox 170 1481 308 1542; x_wconf 82' lang='lat' dir='ltr'>formam</span> <span class='ocrx_word' id='word_1_91' title='bbox 333 1478 476 1540; x_wconf 74' lang='lat' dir='ltr'>ecclcsiae</span> <span class='ocrx_word' id='word_1_92' title='bbox 501 1479 572 1538; x_wconf 87' lang='lat' dir='ltr'>vice</span> <span class='ocrx_word' id='word_1_93' title='bbox 595 1483 725 1552; x_wconf 79' lang='lat' dir='ltr'>nostra3</span> <span class='ocrx_word' id='word_1_94' title='bbox 750 1479 876 1560; x_wconf 90' lang='lat' dir='ltr'>proviso</span> <span class='ocrx_word' id='word_1_95' title='bbox 890 1478 979 1560; x_wconf 87' lang='lat' dir='ltr'>quod</span> <span class='ocrx_word' id='word_1_96' title='bbox 1003 1479 1240 1555; x_wconf 89' lang='lat' dir='ltr'>concubinarii,</span> <span class='ocrx_word' id='word_1_97' title='bbox 1255 1498 1275 1540; x_wconf 86' lang='lat' dir='ltr'>a</span> <span class='ocrx_word' id='word_1_98' title='bbox 1289 1498 1321 1540; x_wconf 86' lang='lat' dir='ltr'>sa</span> 
     </span>
     <span class='ocr_line' id='line_1_13' title="bbox 172 1575 1323 1657; baseline -0.003 -19"><span class='ocrx_word' id='word_1_99' title='bbox 172 1577 358 1639; x_wconf 86' lang='lat' dir='ltr'>concubinis</span> <span class='ocrx_word' id='word_1_100' title='bbox 385 1596 513 1657; x_wconf 91' lang='lat' dir='ltr'>prorsus</span> <span class='ocrx_word' id='word_1_101' title='bbox 532 1575 677 1657; x_wconf 68' lang='lat' dir='ltr'>abjectis</span> <span class='ocrx_word' id='word_1_102' title='bbox 700 1575 914 1637; x_wconf 86' lang='lat' dir='ltr'>sufficientem</span> <span class='ocrx_word' id='word_1_103' title='bbox 937 1576 1123 1638; x_wconf 88' lang='lat' dir='ltr'>cautionem</span> <span class='ocrx_word' id='word_1_104' title='bbox 1146 1575 1323 1639; x_wconf 78' lang='lat' dir='ltr'>exhibeant</span> 
     </span>
     <span class='ocr_line' id='line_1_14' title="bbox 171 1670 1324 1755; baseline -0.001 -22"><span class='ocrx_word' id='word_1_105' title='bbox 171 1674 258 1755; x_wconf 93' lang='lat' dir='ltr'>quod</span> <span class='ocrx_word' id='word_1_106' title='bbox 275 1672 347 1733; x_wconf 86' lang='lat' dir='ltr'>illas</span> <span class='ocrx_word' id='word_1_107' title='bbox 363 1671 416 1732; x_wconf 88' lang='lat' dir='ltr'>vel</span> <span class='ocrx_word' id='word_1_108' title='bbox 432 1670 511 1732; x_wconf 85' lang='lat' dir='ltr'>alias</span> <span class='ocrx_word' id='word_1_109' title='bbox 527 1690 591 1732; x_wconf 93' lang='lat' dir='ltr'>non</span> <span class='ocrx_word' id='word_1_110' title='bbox 608 1677 783 1732; x_wconf 83' lang='lat' dir='ltr'>resumant.</span> <span class='ocrx_word' id='word_1_111' title='bbox 829 1671 1045 1753; x_wconf 89' lang='lat' dir='ltr'>Dispensandi</span> <span class='ocrx_word' id='word_1_112' title='bbox 1068 1678 1226 1755; x_wconf 84' lang='lat' dir='ltr'>praetarea</span> <span class='ocrx_word' id='word_1_113' title='bbox 1249 1691 1324 1734; x_wconf 90' lang='lat' dir='ltr'>cum</span> 
     </span>
     <span class='ocr_line' id='line_1_15' title="bbox 172 1767 1324 1850; baseline -0.002 -20"><span class='ocrx_word' id='word_1_114' title='bbox 172 1769 238 1830; x_wconf 92' lang='lat' dir='ltr'>illis</span> <span class='ocrx_word' id='word_1_115' title='bbox 262 1769 319 1849; x_wconf 90' lang='lat' dir='ltr'>qui</span> <span class='ocrx_word' id='word_1_116' title='bbox 344 1768 423 1829; x_wconf 82' lang='lat' dir='ltr'>faeti</span> <span class='ocrx_word' id='word_1_117' title='bbox 449 1769 654 1828; x_wconf 86' lang='lat' dir='ltr'>immemores</span> <span class='ocrx_word' id='word_1_118' title='bbox 676 1767 728 1828; x_wconf 88' lang='lat' dir='ltr'>vel</span> <span class='ocrx_word' id='word_1_119' title='bbox 748 1767 833 1849; x_wconf 89' lang='lat' dir='ltr'>juris</span> <span class='ocrx_word' id='word_1_120' title='bbox 856 1768 962 1850; x_wconf 87' lang='lat' dir='ltr'>ignari</span> <span class='ocrx_word' id='word_1_121' title='bbox 986 1789 1089 1830; x_wconf 88' lang='lat' dir='ltr'>sacros</span> <span class='ocrx_word' id='word_1_122' title='bbox 1112 1773 1324 1850; x_wconf 88' lang='lat' dir='ltr'>susceperunt</span> 
     </span>
     <span class='ocr_line' id='line_1_16' title="bbox 173 1863 1325 1947; baseline -0.001 -21"><span class='ocrx_word' id='word_1_123' title='bbox 173 1866 302 1927; x_wconf 89' lang='lat' dir='ltr'>ordines</span> <span class='ocrx_word' id='word_1_124' title='bbox 325 1864 376 1925; x_wconf 90' lang='lat' dir='ltr'>vel</span> <span class='ocrx_word' id='word_1_125' title='bbox 402 1865 631 1925; x_wconf 84' lang='lat' dir='ltr'>ministrarunt</span> <span class='ocrx_word' id='word_1_126' title='bbox 646 1866 680 1925; x_wconf 93' lang='lat' dir='ltr'>in</span> <span class='ocrx_word' id='word_1_127' title='bbox 702 1863 781 1938; x_wconf 92' lang='lat' dir='ltr'>illis,</span> <span class='ocrx_word' id='word_1_128' title='bbox 797 1869 870 1945; x_wconf 90' lang='lat' dir='ltr'>post</span> <span class='ocrx_word' id='word_1_129' title='bbox 893 1863 1074 1946; x_wconf 86' lang='lat' dir='ltr'>injunctam</span> <span class='ocrx_word' id='word_1_130' title='bbox 1098 1864 1133 1925; x_wconf 93' lang='lat' dir='ltr'>in</span> <span class='ocrx_word' id='word_1_131' title='bbox 1156 1865 1204 1926; x_wconf 90' lang='lat' dir='ltr'>eis</span> <span class='ocrx_word' id='word_1_132' title='bbox 1220 1864 1325 1947; x_wconf 89' lang='lat' dir='ltr'>poeni·</span> 
     </span>
     <span class='ocr_line' id='line_1_17' title="bbox 174 1959 1326 2042; baseline -0.003 -19"><span class='ocrx_word' id='word_1_133' title='bbox 174 1963 314 2023; x_wconf 88' lang='lat' dir='ltr'>tentiam</span> <span class='ocrx_word' id='word_1_134' title='bbox 330 1965 582 2042; x_wconf 82' lang='lat' dir='ltr'>competentem,</span> <span class='ocrx_word' id='word_1_135' title='bbox 599 1964 696 2040; x_wconf 90' lang='lat' dir='ltr'>prout</span> <span class='ocrx_word' id='word_1_136' title='bbox 711 1980 823 2021; x_wconf 92' lang='lat' dir='ltr'>eorum</span> <span class='ocrx_word' id='word_1_137' title='bbox 839 1959 937 2022; x_wconf 87' lang='lat' dir='ltr'>saluti</span> <span class='ocrx_word' id='word_1_138' title='bbox 953 1960 1103 2041; x_wconf 87' lang='lat' dir='ltr'>expedire</span> <span class='ocrx_word' id='word_1_139' title='bbox 1119 1960 1253 2036; x_wconf 85' lang='lat' dir='ltr'>videris,</span> <span class='ocrx_word' id='word_1_140' title='bbox 1264 1960 1326 2021; x_wconf 90' lang='lat' dir='ltr'>tri·</span> 
     </span>
     <span class='ocr_line' id='line_1_18' title="bbox 172 2055 1325 2138; baseline -0.002 -18"><span class='ocrx_word' id='word_1_141' title='bbox 172 2056 303 2120; x_wconf 92' lang='lat' dir='ltr'>buimus</span> <span class='ocrx_word' id='word_1_142' title='bbox 325 2057 462 2119; x_wconf 86' lang='lat' dir='ltr'>liberam</span> <span class='ocrx_word' id='word_1_143' title='bbox 479 2055 679 2117; x_wconf 84' lang='lat' dir='ltr'>facultatem.</span> <span class='ocrx_word' id='word_1_144' title='bbox 725 2055 760 2117; x_wconf 85' lang='lat' dir='ltr'>Si</span> <span class='ocrx_word' id='word_1_145' title='bbox 776 2057 833 2138; x_wconf 89' lang='lat' dir='ltr'>qni</span> <span class='ocrx_word' id='word_1_146' title='bbox 850 2077 925 2117; x_wconf 90' lang='lat' dir='ltr'>vero</span> <span class='ocrx_word' id='word_1_147' title='bbox 945 2055 1064 2118; x_wconf 84' lang='lat' dir='ltr'>talium</span> <span class='ocrx_word' id='word_1_148' title='bbox 1080 2056 1221 2118; x_wconf 83' lang='lat' dir='ltr'>scienter</span> <span class='ocrx_word' id='word_1_149' title='bbox 1242 2056 1325 2118; x_wconf 88' lang='lat' dir='ltr'>eele-</span> 
     </span>
     <span class='ocr_line' id='line_1_19' title="bbox 173 2151 1327 2236; baseline -0.002 -20"><span class='ocrx_word' id='word_1_150' title='bbox 173 2152 276 2229; x_wconf 86' lang='lat' dir='ltr'>brare,</span> <span class='ocrx_word' id='word_1_151' title='bbox 286 2173 350 2215; x_wconf 93' lang='lat' dir='ltr'>non</span> <span class='ocrx_word' id='word_1_152' title='bbox 367 2160 477 2215; x_wconf 86' lang='lat' dir='ltr'>tumen</span> <span class='ocrx_word' id='word_1_153' title='bbox 495 2153 528 2212; x_wconf 91' lang='lat' dir='ltr'>in</span> <span class='ocrx_word' id='word_1_154' title='bbox 542 2157 766 2233; x_wconf 86' lang='lat' dir='ltr'>contemptum</span> <span class='ocrx_word' id='word_1_155' title='bbox 783 2151 935 2226; x_wconf 83' lang='lat' dir='ltr'>clavium,</span> <span class='ocrx_word' id='word_1_156' title='bbox 944 2151 1131 2233; x_wconf 87' lang='lat' dir='ltr'>hujusmodi</span> <span class='ocrx_word' id='word_1_157' title='bbox 1148 2173 1327 2236; x_wconf 81' lang='lat' dir='ltr'>praesump-</span> 
     </span>
     <span class='ocr_line' id='line_1_20' title="bbox 174 2246 1327 2330; baseline 0.001 -21"><span class='ocrx_word' id='word_1_158' title='bbox 174 2250 263 2322; x_wconf 88' lang='lat' dir='ltr'>serit,</span> <span class='ocrx_word' id='word_1_159' title='bbox 287 2269 362 2309; x_wconf 89' lang='lat' dir='ltr'>eum</span> <span class='ocrx_word' id='word_1_160' title='bbox 378 2269 436 2330; x_wconf 91' lang='lat' dir='ltr'>per</span> <span class='ocrx_word' id='word_1_161' title='bbox 457 2247 627 2309; x_wconf 91' lang='lat' dir='ltr'>biennium</span> <span class='ocrx_word' id='word_1_162' title='bbox 646 2246 686 2308; x_wconf 84' lang='lat' dir='ltr'>ab</span> <span class='ocrx_word' id='word_1_163' title='bbox 702 2246 853 2307; x_wconf 87' lang='lat' dir='ltr'>ordinum</span> <span class='ocrx_word' id='word_1_164' title='bbox 869 2249 1059 2309; x_wconf 84' lang='lat' dir='ltr'>executione</span> <span class='ocrx_word' id='word_1_165' title='bbox 1074 2249 1261 2329; x_wconf 88' lang='lat' dir='ltr'>suspendas,</span> <span class='ocrx_word' id='word_1_166' title='bbox 1277 2249 1327 2310; x_wconf 90' lang='lat' dir='ltr'>in·</span> 
     </span>
     <span class='ocr_line' id='line_1_21' title="bbox 170 2341 1327 2428; baseline 0.002 -23"><span class='ocrx_word' id='word_1_167' title='bbox 170 2344 287 2428; x_wconf 87' lang='lat' dir='ltr'>juncta</span> <span class='ocrx_word' id='word_1_168' title='bbox 306 2345 353 2404; x_wconf 89' lang='lat' dir='ltr'>eis</span> <span class='ocrx_word' id='word_1_169' title='bbox 375 2343 570 2426; x_wconf 85' lang='lat' dir='ltr'>poenitentia</span> <span class='ocrx_word' id='word_1_170' title='bbox 595 2342 741 2403; x_wconf 88' lang='lat' dir='ltr'>salutari.</span> <span class='ocrx_word' id='word_1_171' title='bbox 788 2341 858 2416; x_wconf 84' lang='lat' dir='ltr'>Qua</span> <span class='ocrx_word' id='word_1_172' title='bbox 881 2348 1022 2424; x_wconf 81' lang='lat' dir='ltr'>peracta,</span> <span class='ocrx_word' id='word_1_173' title='bbox 1042 2345 1070 2406; x_wconf 90' lang='lat' dir='ltr'>si</span> <span class='ocrx_word' id='word_1_174' title='bbox 1094 2343 1220 2406; x_wconf 83' lang='lat' dir='ltr'>fuerint</span> <span class='ocrx_word' id='word_1_175' title='bbox 1234 2345 1327 2407; x_wconf 84' lang='lat' dir='ltr'>bonae</span> 
     </span>
     <span class='ocr_line' id='line_1_22' title="bbox 175 2436 1328 2524; baseline 0.001 -22"><span class='ocrx_word' id='word_1_176' title='bbox 175 2441 432 2502; x_wconf 89' lang='lat' dir='ltr'>conversationis</span> <span class='ocrx_word' id='word_1_177' title='bbox 458 2445 492 2500; x_wconf 86' lang='lat' dir='ltr'>et</span> <span class='ocrx_word' id='word_1_178' title='bbox 516 2440 603 2512; x_wconf 87' lang='lat' dir='ltr'>vitae,</span> <span class='ocrx_word' id='word_1_179' title='bbox 624 2436 724 2499; x_wconf 87' lang='lat' dir='ltr'>liceat</span> <span class='ocrx_word' id='word_1_180' title='bbox 749 2438 811 2499; x_wconf 90' lang='lat' dir='ltr'>tibi</span> <span class='ocrx_word' id='word_1_181' title='bbox 838 2439 1019 2521; x_wconf 90' lang='lat' dir='ltr'>dispensare</span> <span class='ocrx_word' id='word_1_182' title='bbox 1044 2461 1118 2502; x_wconf 87' lang='lat' dir='ltr'>cum</span> <span class='ocrx_word' id='word_1_183' title='bbox 1143 2441 1203 2515; x_wconf 84' lang='lat' dir='ltr'>eis,</span> <span class='ocrx_word' id='word_1_184' title='bbox 1229 2445 1328 2524; x_wconf 90' lang='lat' dir='ltr'>prout</span> 
     </span>
     <span class='ocr_line' id='line_1_23' title="bbox 173 2534 1329 2619; baseline 0.001 -19"><span class='ocrx_word' id='word_1_185' title='bbox 173 2537 350 2600; x_wconf 88' lang='lat' dir='ltr'>seeundum</span> <span class='ocrx_word' id='word_1_186' title='bbox 366 2537 473 2598; x_wconf 89' lang='lat' dir='ltr'>Deum</span> <span class='ocrx_word' id='word_1_187' title='bbox 486 2534 605 2596; x_wconf 86' lang='lat' dir='ltr'>videris</span> <span class='ocrx_word' id='word_1_188' title='bbox 615 2534 777 2616; x_wconf 90' lang='lat' dir='ltr'>expedire.</span> <span class='ocrx_word' id='word_1_189' title='bbox 810 2535 933 2597; x_wconf 82' lang='lat' dir='ltr'>Datum</span> <span class='ocrx_word' id='word_1_190' title='bbox 949 2535 1098 2619; x_wconf 88' lang='lat' dir='ltr'>Neapoli,</span> <span class='ocrx_word' id='word_1_191' title='bbox 1107 2536 1153 2599; x_wconf 90' lang='lat' dir='ltr'>id.</span> <span class='ocrx_word' id='word_1_192' title='bbox 1163 2536 1184 2600; x_wconf 90' lang='lat' dir='ltr'><strong>J</strong></span> <span class='ocrx_word' id='word_1_193' title='bbox 1186 2539 1329 2613; x_wconf 82' lang='lat' dir='ltr'>anuarii,</span> 
     </span>
     <span class='ocr_line' id='line_1_24' title="bbox 176 2631 738 2718; baseline 0 -25"><span class='ocrx_word' id='word_1_194' title='bbox 176 2633 386 2718; x_wconf 86' lang='lat' dir='ltr'>pontificatus</span> <span class='ocrx_word' id='word_1_195' title='bbox 402 2633 503 2694; x_wconf 90' lang='lat' dir='ltr'>nostri</span> <span class='ocrx_word' id='word_1_196' title='bbox 520 2650 605 2692; x_wconf 86' lang='lat' dir='ltr'>anno</span> <span class='ocrx_word' id='word_1_197' title='bbox 621 2631 738 2713; x_wconf 90' lang='lat' dir='ltr'>prime.</span> 
     </span>
    </p>
   </div>
   <div class='ocr_carea' id='block_1_3' title="bbox 174 2964 1330 3025">
    <p class='ocr_par' dir='ltr' id='par_1_3' title="bbox 174 2964 1330 3025">
     <span class='ocr_line' id='line_1_25' title="bbox 174 2964 1330 3025; baseline 0.003 -15"><span class='ocrx_word' id='word_1_198' title='bbox 174 2965 269 3010; x_wconf 82' lang='lat' dir='ltr'><strong>LXXX.</strong></span> <span class='ocrx_word' id='word_1_199' title='bbox 309 2965 328 3009; x_wconf 77' lang='grc' dir='ltr'><strong>Δ</strong></span> <span class='ocrx_word' id='word_1_200' title='bbox 352 2965 451 3008; x_wconf 79' lang='lat' dir='ltr'>PAPAL</span> <span class='ocrx_word' id='word_1_201' title='bbox 474 2964 622 3009; x_wconf 73' lang='lat' dir='ltr'>austum</span> <span class='ocrx_word' id='word_1_202' title='bbox 651 2965 689 3009; x_wconf 79' lang='grc' dir='ltr'>ΤΟ</span> <span class='ocrx_word' id='word_1_203' title='bbox 721 2966 918 3011; x_wconf 79' lang='lat' dir='ltr'>ARCHBISHOP</span> <span class='ocrx_word' id='word_1_204' title='bbox 951 2966 1045 3025; x_wconf 78' lang='lat' dir='ltr'>GRAY,</span> <span class='ocrx_word' id='word_1_205' title='bbox 1069 2967 1242 3015; x_wconf 72' lang='lat' dir='ltr'>antowmd</span> <span class='ocrx_word' id='word_1_206' title='bbox 1264 2968 1330 3014; x_wconf 78' lang='lat' dir='ltr'>mul</span> 
     </span>
    </p>
   </div>
   <div class='ocr_carea' id='block_1_4' title="bbox 263 3059 1315 3213">
    <p class='ocr_par' dir='ltr' id='par_1_4' title="bbox 263 3059 1315 3213">
     <span class='ocr_line' id='line_1_26' title="bbox 263 3059 1315 3110; baseline 0.006 -6"><span class='ocrx_word' id='word_1_207' title='bbox 263 3061 302 3104; x_wconf 88' lang='lat' dir='ltr'>TO</span> <span class='ocrx_word' id='word_1_208' title='bbox 326 3060 436 3104; x_wconf 71' lang='lat' dir='ltr'>mulus</span> <span class='ocrx_word' id='word_1_209' title='bbox 458 3060 598 3105; x_wconf 67' lang='lat' dir='ltr'>susurrat</span> <span class='ocrx_word' id='word_1_210' title='bbox 621 3059 660 3105; x_wconf 69' lang='lat' dir='ltr'>or</span> <span class='ocrx_word' id='word_1_211' title='bbox 682 3063 744 3106; x_wconf 79' lang='lat' dir='ltr'>l&#39;llll</span> <span class='ocrx_word' id='word_1_212' title='bbox 767 3062 927 3107; x_wconf 71' lang='lat' dir='ltr'>Pantanus</span> <span class='ocrx_word' id='word_1_213' title='bbox 949 3063 984 3107; x_wconf 83' lang='lat' dir='ltr'>IN</span> <span class='ocrx_word' id='word_1_214' title='bbox 1007 3063 1092 3108; x_wconf 72' lang='lat' dir='ltr'>roal(</span> <span class='ocrx_word' id='word_1_215' title='bbox 1114 3064 1315 3110; x_wconf 74' lang='lat' dir='ltr'>carusnuat.</span> 
     </span>
     <span class='ocr_line' id='line_1_27' title="bbox 908 3137 1296 3213; baseline 0.008 -21"><span class='ocrx_word' id='word_1_216' title='bbox 908 3137 1017 3210; x_wconf 72' lang='lat' dir='ltr'>[xant</span> <span class='ocrx_word' id='word_1_217' title='bbox 1031 3138 1090 3193; x_wconf 83' lang='lat' dir='ltr'>ns</span> <span class='ocrx_word' id='word_1_218' title='bbox 1104 3139 1202 3210; x_wconf 75' lang='lat' dir='ltr'>rosor,</span> <span class='ocrx_word' id='word_1_219' title='bbox 1216 3140 1296 3213; x_wconf 82' lang='lat' dir='ltr'>rsa]</span> 
     </span>
    </p>
   </div>
   <div class='ocr_carea' id='block_1_5' title="bbox 177 3293 1335 4055">
    <p class='ocr_par' dir='ltr' id='par_1_5' title="bbox 177 3293 1335 4055">
     <span class='ocr_line' id='line_1_28' title="bbox 178 3293 1334 3376; baseline 0.004 -21"><span class='ocrx_word' id='word_1_220' title='bbox 178 3295 339 3356; x_wconf 78' lang='lat' dir='ltr'>Exnrnrrr</span> <span class='ocrx_word' id='word_1_221' title='bbox 355 3294 448 3355; x_wconf 88' lang='lat' dir='ltr'>nobie</span> <span class='ocrx_word' id='word_1_222' title='bbox 465 3300 523 3355; x_wconf 87' lang='lat' dir='ltr'>tua</span> <span class='ocrx_word' id='word_1_223' title='bbox 538 3295 657 3375; x_wconf 88' lang='lat' dir='ltr'>petitio</span> <span class='ocrx_word' id='word_1_224' title='bbox 674 3293 863 3356; x_wconf 83' lang='lat' dir='ltr'>continebat</span> <span class='ocrx_word' id='word_1_225' title='bbox 878 3295 964 3376; x_wconf 90' lang='lat' dir='ltr'>quod</span> <span class='ocrx_word' id='word_1_226' title='bbox 979 3315 1053 3357; x_wconf 90' lang='lat' dir='ltr'>curn</span> <span class='ocrx_word' id='word_1_227' title='bbox 1068 3295 1104 3356; x_wconf 92' lang='lat' dir='ltr'>in</span> <span class='ocrx_word' id='word_1_228' title='bbox 1120 3296 1260 3360; x_wconf 86' lang='lat' dir='ltr'>ecclesia</span> <span class='ocrx_word' id='word_1_229' title='bbox 1274 3301 1334 3360; x_wconf 87' lang='lat' dir='ltr'>tua</span> 
     </span>
     <span class='ocr_line' id='line_1_29' title="bbox 179 3391 1333 3475; baseline 0.004 -23"><span class='ocrx_word' id='word_1_230' title='bbox 179 3391 373 3453; x_wconf 85' lang='lat' dir='ltr'>Eboracensi</span> <span class='ocrx_word' id='word_1_231' title='bbox 401 3392 467 3452; x_wconf 89' lang='lat' dir='ltr'>sint</span> <span class='ocrx_word' id='word_1_232' title='bbox 494 3391 633 3471; x_wconf 82' lang='lat' dir='ltr'>triginta</span> <span class='ocrx_word' id='word_1_233' title='bbox 657 3397 692 3452; x_wconf 92' lang='lat' dir='ltr'>et</span> <span class='ocrx_word' id='word_1_234' title='bbox 716 3397 782 3452; x_wconf 89' lang='lat' dir='ltr'>tres</span> <span class='ocrx_word' id='word_1_235' title='bbox 798 3391 977 3472; x_wconf 83' lang='lat' dir='ltr'>praebendae</span> <span class='ocrx_word' id='word_1_236' title='bbox 993 3391 1174 3468; x_wconf 81' lang='lat' dir='ltr'>dumtaxat,</span> <span class='ocrx_word' id='word_1_237' title='bbox 1190 3413 1333 3475; x_wconf 88' lang='lat' dir='ltr'>quarum</span> 
     </span>
     <span class='ocr_line' id='line_1_30' title="bbox 177 3487 1333 3572; baseline 0.004 -24"><span class='ocrx_word' id='word_1_238' title='bbox 177 3487 385 3570; x_wconf 84' lang='lat' dir='ltr'>quamplures</span> <span class='ocrx_word' id='word_1_239' title='bbox 409 3489 552 3568; x_wconf 90' lang='lat' dir='ltr'>personis</span> <span class='ocrx_word' id='word_1_240' title='bbox 577 3487 722 3548; x_wconf 90' lang='lat' dir='ltr'>oriundis</span> <span class='ocrx_word' id='word_1_241' title='bbox 746 3487 787 3548; x_wconf 86' lang='lat' dir='ltr'>de</span> <span class='ocrx_word' id='word_1_242' title='bbox 811 3487 958 3569; x_wconf 87' lang='lat' dir='ltr'>partibus</span> <span class='ocrx_word' id='word_1_243' title='bbox 982 3489 1065 3549; x_wconf 85' lang='lat' dir='ltr'>citra</span> <span class='ocrx_word' id='word_1_244' title='bbox 1093 3507 1183 3550; x_wconf 85' lang='lat' dir='ltr'>mare</span> <span class='ocrx_word' id='word_1_245' title='bbox 1215 3490 1333 3572; x_wconf 83' lang='lat' dir='ltr'>Angli·</span> 
     </span>
     <span class='ocr_line' id='line_1_31' title="bbox 179 3583 1333 3669; baseline 0.004 -24"><span class='ocrx_word' id='word_1_246' title='bbox 179 3604 298 3645; x_wconf 87' lang='lat' dir='ltr'>canum</span> <span class='ocrx_word' id='word_1_247' title='bbox 313 3583 527 3645; x_wconf 84' lang='lat' dir='ltr'>existentibus</span> <span class='ocrx_word' id='word_1_248' title='bbox 542 3584 609 3644; x_wconf 90' lang='lat' dir='ltr'>sint</span> <span class='ocrx_word' id='word_1_249' title='bbox 628 3583 766 3658; x_wconf 74' lang='lat' dir='ltr'>collatae,</span> <span class='ocrx_word' id='word_1_250' title='bbox 782 3584 823 3645; x_wconf 87' lang='lat' dir='ltr'>de</span> <span class='ocrx_word' id='word_1_251' title='bbox 844 3583 980 3666; x_wconf 90' lang='lat' dir='ltr'>reliquis</span> <span class='ocrx_word' id='word_1_252' title='bbox 998 3604 1074 3646; x_wconf 89' lang='lat' dir='ltr'>vero</span> <span class='ocrx_word' id='word_1_253' title='bbox 1089 3583 1236 3649; x_wconf 81' lang='lat' dir='ltr'>ecclesiae</span> <span class='ocrx_word' id='word_1_254' title='bbox 1251 3607 1333 3669; x_wconf 82' lang='lat' dir='ltr'>prae·</span> 
     </span>
     <span class='ocr_line' id='line_1_32' title="bbox 179 3679 1332 3761; baseline 0.003 -19"><span class='ocrx_word' id='word_1_255' title='bbox 179 3681 276 3743; x_wconf 81' lang='lat' dir='ltr'>dietae</span> <span class='ocrx_word' id='word_1_256' title='bbox 300 3680 472 3752; x_wconf 63' lang='lat' dir='ltr'>canonicis</span> <span class='ocrx_word' id='word_1_257' title='bbox 488 3680 583 3761; x_wconf 84' lang='lat' dir='ltr'>pauci</span> <span class='ocrx_word' id='word_1_258' title='bbox 608 3679 751 3741; x_wconf 89' lang='lat' dir='ltr'>resident</span> <span class='ocrx_word' id='word_1_259' title='bbox 767 3681 801 3740; x_wconf 95' lang='lat' dir='ltr'>in</span> <span class='ocrx_word' id='word_1_260' title='bbox 825 3680 949 3755; x_wconf 87' lang='lat' dir='ltr'>eadem,</span> <span class='ocrx_word' id='word_1_261' title='bbox 965 3700 1040 3742; x_wconf 90' lang='lat' dir='ltr'>cum</span> <span class='ocrx_word' id='word_1_262' title='bbox 1059 3681 1212 3744; x_wconf 87' lang='lat' dir='ltr'>nonnulli</span> <span class='ocrx_word' id='word_1_263' title='bbox 1228 3684 1332 3745; x_wconf 88' lang='lat' dir='ltr'>exeis</span> 
     </span>
     <span class='ocr_line' id='line_1_33' title="bbox 181 3775 1334 3862; baseline 0.003 -23"><span class='ocrx_word' id='word_1_264' title='bbox 181 3798 238 3860; x_wconf 90' lang='lat' dir='ltr'>per</span> <span class='ocrx_word' id='word_1_265' title='bbox 265 3776 439 3858; x_wconf 81' lang='lat' dir='ltr'>privilegia</span> <span class='ocrx_word' id='word_1_266' title='bbox 458 3796 514 3837; x_wconf 90' lang='lat' dir='ltr'>seu</span> <span class='ocrx_word' id='word_1_267' title='bbox 539 3775 762 3858; x_wconf 84' lang='lat' dir='ltr'>indulgentias</span> <span class='ocrx_word' id='word_1_268' title='bbox 778 3776 975 3859; x_wconf 76' lang='lat' dir='ltr'>Apostolicee</span> <span class='ocrx_word' id='word_1_269' title='bbox 997 3777 1092 3853; x_wconf 89' lang='lat' dir='ltr'>sedis,</span> <span class='ocrx_word' id='word_1_270' title='bbox 1107 3783 1143 3839; x_wconf 87' lang='lat' dir='ltr'>et</span> <span class='ocrx_word' id='word_1_271' title='bbox 1162 3777 1271 3862; x_wconf 83' lang='lat' dir='ltr'>aliqui</span> <span class='ocrx_word' id='word_1_272' title='bbox 1294 3800 1334 3842; x_wconf 87' lang='lat' dir='ltr'>ex</span> 
     </span>
     <span class='ocr_line' id='line_1_34' title="bbox 181 3871 1334 3958; baseline 0.005 -25"><span class='ocrx_word' id='word_1_273' title='bbox 181 3873 284 3956; x_wconf 83' lang='lat' dir='ltr'>causis</span> <span class='ocrx_word' id='word_1_274' title='bbox 314 3871 388 3932; x_wconf 85' lang='lat' dir='ltr'>aliis</span> <span class='ocrx_word' id='word_1_275' title='bbox 418 3891 437 3931; x_wconf 88' lang='lat' dir='ltr'>a</span> <span class='ocrx_word' id='word_1_276' title='bbox 470 3871 654 3934; x_wconf 85' lang='lat' dir='ltr'>residentiae</span> <span class='ocrx_word' id='word_1_277' title='bbox 681 3891 777 3934; x_wconf 90' lang='lat' dir='ltr'>onere</span> <span class='ocrx_word' id='word_1_278' title='bbox 805 3892 837 3934; x_wconf 90' lang='lat' dir='ltr'>se</span> <span class='ocrx_word' id='word_1_279' title='bbox 862 3877 1026 3947; x_wconf 88' lang='lat' dir='ltr'>excusent,</span> <span class='ocrx_word' id='word_1_280' title='bbox 1052 3875 1162 3956; x_wconf 89' lang='lat' dir='ltr'>sicque</span> <span class='ocrx_word' id='word_1_281' title='bbox 1195 3876 1334 3958; x_wconf 80' lang='lat' dir='ltr'>praefata</span> 
     </span>
     <span class='ocr_line' id='line_1_35' title="bbox 180 3967 1335 4055; baseline 0.003 -23"><span class='ocrx_word' id='word_1_282' title='bbox 180 3968 316 4032; x_wconf 87' lang='lat' dir='ltr'>ecclesia</span> <span class='ocrx_word' id='word_1_283' title='bbox 331 3972 399 4028; x_wconf 88' lang='lat' dir='ltr'>tarn</span> <span class='ocrx_word' id='word_1_284' title='bbox 425 3968 457 4028; x_wconf 89' lang='lat' dir='ltr'>in</span> <span class='ocrx_word' id='word_1_285' title='bbox 474 3968 599 4029; x_wconf 90' lang='lat' dir='ltr'>diurnis</span> <span class='ocrx_word' id='word_1_286' title='bbox 622 3968 735 4030; x_wconf 87' lang='lat' dir='ltr'>officiis</span> <span class='ocrx_word' id='word_1_287' title='bbox 753 3989 850 4051; x_wconf 89' lang='lat' dir='ltr'>quam</span> <span class='ocrx_word' id='word_1_288' title='bbox 872 3967 1098 4032; x_wconf 87' lang='lat' dir='ltr'>ecclesiasticis</span> <span class='ocrx_word' id='word_1_289' title='bbox 1118 3972 1184 4033; x_wconf 87' lang='lat' dir='ltr'>suis</span> <span class='ocrx_word' id='word_1_290' title='bbox 1200 3971 1335 4055; x_wconf 82' lang='lat' dir='ltr'>juribus</span> 
     </span>
    </p>
   </div>
   <div class='ocr_carea' id='block_1_6' title="bbox 180 4159 1336 4553">
    <p class='ocr_par' dir='ltr' id='par_1_6' title="bbox 180 4159 1336 4553">
     <span class='ocr_line' id='line_1_36' title="bbox 180 4159 1336 4233; baseline 0.003 -16"><span class='ocrx_word' id='word_1_291' title='bbox 180 4163 214 4217; x_wconf 86' lang='lat' dir='ltr'>be</span> <span class='ocrx_word' id='word_1_292' title='bbox 228 4159 385 4215; x_wconf 76' lang='lat' dir='ltr'>‘cardinalis</span> <span class='ocrx_word' id='word_1_293' title='bbox 399 4159 433 4214; x_wconf 86' lang='lat' dir='ltr'>de</span> <span class='ocrx_word' id='word_1_294' title='bbox 452 4165 543 4213; x_wconf 87' lang='lat' dir='ltr'>nostro</span> <span class='ocrx_word' id='word_1_295' title='bbox 561 4159 645 4214; x_wconf 86' lang='lat' dir='ltr'>latere</span> <span class='ocrx_word' id='word_1_296' title='bbox 664 4159 832 4228; x_wconf 86' lang='lat' dir='ltr'>destinatus,’</span> <span class='ocrx_word' id='word_1_297' title='bbox 846 4166 874 4214; x_wconf 88' lang='lat' dir='ltr'>to</span> <span class='ocrx_word' id='word_1_298' title='bbox 894 4161 973 4215; x_wconf 77' lang='lat' dir='ltr'>malso</span> <span class='ocrx_word' id='word_1_299' title='bbox 991 4179 1046 4233; x_wconf 81' lang='lat' dir='ltr'>any</span> <span class='ocrx_word' id='word_1_300' title='bbox 1060 4162 1196 4231; x_wconf 82' lang='lat' dir='ltr'>provision</span> <span class='ocrx_word' id='word_1_301' title='bbox 1209 4169 1240 4219; x_wconf 87' lang='lat' dir='ltr'>to</span> <span class='ocrx_word' id='word_1_302' title='bbox 1251 4163 1336 4221; x_wconf 83' lang='lat' dir='ltr'>bene-</span> 
     </span>
     <span class='ocr_line' id='line_1_37' title="bbox 181 4237 1335 4318; baseline 0.004 -22"><span class='ocrx_word' id='word_1_303' title='bbox 181 4244 244 4296; x_wconf 87' lang='lat' dir='ltr'>iices</span> <span class='ocrx_word' id='word_1_304' title='bbox 257 4241 283 4294; x_wconf 92' lang='lat' dir='ltr'>in</span> <span class='ocrx_word' id='word_1_305' title='bbox 299 4240 344 4294; x_wconf 88' lang='lat' dir='ltr'>the</span> <span class='ocrx_word' id='word_1_306' title='bbox 358 4239 462 4293; x_wconf 87' lang='lat' dir='ltr'>diocese</span> <span class='ocrx_word' id='word_1_307' title='bbox 475 4245 504 4292; x_wconf 89' lang='lat' dir='ltr'>at</span> <span class='ocrx_word' id='word_1_308' title='bbox 517 4237 601 4308; x_wconf 81' lang='lat' dir='ltr'>York,</span> <span class='ocrx_word' id='word_1_309' title='bbox 616 4239 706 4293; x_wconf 80' lang='lat' dir='ltr'>unless</span> <span class='ocrx_word' id='word_1_310' title='bbox 723 4239 758 4293; x_wconf 86' lang='lat' dir='ltr'>he</span> <span class='ocrx_word' id='word_1_311' title='bbox 776 4238 809 4294; x_wconf 90' lang='lat' dir='ltr'>ba</span> <span class='ocrx_word' id='word_1_312' title='bbox 828 4239 958 4311; x_wconf 82' lang='lat' dir='ltr'>specially</span> <span class='ocrx_word' id='word_1_313' title='bbox 971 4240 1093 4295; x_wconf 89' lang='lat' dir='ltr'>directed</span> <span class='ocrx_word' id='word_1_314' title='bbox 1104 4247 1133 4295; x_wconf 87' lang='lat' dir='ltr'>to</span> <span class='ocrx_word' id='word_1_315' title='bbox 1146 4243 1181 4296; x_wconf 92' lang='lat' dir='ltr'>do</span> <span class='ocrx_word' id='word_1_316' title='bbox 1193 4261 1225 4297; x_wconf 84' lang='lat' dir='ltr'>ao</span> <span class='ocrx_word' id='word_1_317' title='bbox 1237 4244 1276 4318; x_wconf 84' lang='lat' dir='ltr'>by</span> <span class='ocrx_word' id='word_1_318' title='bbox 1288 4245 1335 4300; x_wconf 80' lang='lat' dir='ltr'>the</span> 
     </span>
     <span class='ocr_line' id='line_1_38' title="bbox 182 4317 1336 4395; baseline 0.004 -20"><span class='ocrx_word' id='word_1_319' title='bbox 182 4339 258 4394; x_wconf 87' lang='lat' dir='ltr'>pope.</span> <span class='ocrx_word' id='word_1_320' title='bbox 296 4320 353 4373; x_wconf 89' lang='lat' dir='ltr'>The</span> <span class='ocrx_word' id='word_1_321' title='bbox 373 4320 518 4373; x_wconf 87' lang='lat' dir='ltr'>document</span> <span class='ocrx_word' id='word_1_322' title='bbox 536 4317 586 4371; x_wconf 85' lang='lat' dir='ltr'>hes</span> <span class='ocrx_word' id='word_1_323' title='bbox 607 4318 676 4372; x_wconf 82' lang='lat' dir='ltr'>been</span> <span class='ocrx_word' id='word_1_324' title='bbox 697 4317 857 4390; x_wconf 86' lang='lat' dir='ltr'>incorrectly</span> <span class='ocrx_word' id='word_1_325' title='bbox 877 4319 971 4390; x_wconf 87' lang='lat' dir='ltr'>copied</span> <span class='ocrx_word' id='word_1_326' title='bbox 988 4319 1047 4373; x_wconf 87' lang='lat' dir='ltr'>into</span> <span class='ocrx_word' id='word_1_327' title='bbox 1066 4319 1114 4377; x_wconf 75' lang='lat' dir='ltr'>tha</span> <span class='ocrx_word' id='word_1_328' title='bbox 1131 4319 1270 4395; x_wconf 74' lang='lat' dir='ltr'>Registar,</span> <span class='ocrx_word' id='word_1_329' title='bbox 1284 4325 1336 4380; x_wconf 86' lang='lat' dir='ltr'>and</span> 
     </span>
     <span class='ocr_line' id='line_1_39' title="bbox 181 4395 1335 4468; baseline 0.006 -14"><span class='ocrx_word' id='word_1_330' title='bbox 181 4403 257 4454; x_wconf 85' lang='lat' dir='ltr'>there</span> <span class='ocrx_word' id='word_1_331' title='bbox 271 4399 293 4452; x_wconf 92' lang='lat' dir='ltr'>is</span> <span class='ocrx_word' id='word_1_332' title='bbox 306 4416 339 4452; x_wconf 90' lang='lat' dir='ltr'>on</span> <span class='ocrx_word' id='word_1_333' title='bbox 352 4397 479 4452; x_wconf 78' lang='lat' dir='ltr'>omission</span> <span class='ocrx_word' id='word_1_334' title='bbox 491 4396 519 4450; x_wconf 92' lang='lat' dir='ltr'>in</span> <span class='ocrx_word' id='word_1_335' title='bbox 533 4397 564 4451; x_wconf 91' lang='lat' dir='ltr'>it.</span> <span class='ocrx_word' id='word_1_336' title='bbox 601 4395 698 4451; x_wconf 82' lang='lat' dir='ltr'>Ilrare</span> <span class='ocrx_word' id='word_1_337' title='bbox 716 4397 849 4452; x_wconf 83' lang='lat' dir='ltr'>therefore</span> <span class='ocrx_word' id='word_1_338' title='bbox 871 4405 919 4452; x_wconf 90' lang='lat' dir='ltr'>not</span> <span class='ocrx_word' id='word_1_339' title='bbox 937 4399 1057 4468; x_wconf 87' lang='lat' dir='ltr'>thought</span> <span class='ocrx_word' id='word_1_340' title='bbox 1068 4398 1091 4455; x_wconf 86' lang='lat' dir='ltr'>it</span> <span class='ocrx_word' id='word_1_341' title='bbox 1104 4400 1194 4456; x_wconf 84' lang='lat' dir='ltr'>worth</span> <span class='ocrx_word' id='word_1_342' title='bbox 1207 4402 1295 4459; x_wconf 77' lang='lat' dir='ltr'>while</span> <span class='ocrx_word' id='word_1_343' title='bbox 1306 4410 1335 4461; x_wconf 83' lang='lat' dir='ltr'>to</span> 
     </span>
     <span class='ocr_line' id='line_1_40' title="bbox 181 4477 371 4553; baseline 0 -21"><span class='ocrx_word' id='word_1_344' title='bbox 181 4479 254 4553; x_wconf 89' lang='lat' dir='ltr'>print</span> <span class='ocrx_word' id='word_1_345' title='bbox 265 4478 288 4533; x_wconf 90' lang='lat' dir='ltr'>it</span> <span class='ocrx_word' id='word_1_346' title='bbox 300 4477 371 4532; x_wconf 80' lang='lat' dir='ltr'>hers.</span> 
     </span>
    </p>
   </div>
   <div class='ocr_carea' id='block_1_7' title="bbox 0 0 1515 4964">
    <p class='ocr_par' dir='ltr' id='par_1_7' title="bbox 0 0 1515 4964">
     <span class='ocr_line' id='line_1_41' title="bbox 0 0 1515 4964; baseline 0 0"><span class='ocrx_word' id='word_1_347' title='bbox 0 0 1515 4964; x_wconf 95' lang='lat' dir='ltr'> </span> 
     </span>
    </p>
   </div>
  </div>
 </body>
</html>
