2970 4964
245 322 313 393 13⁴5
524 342 750 397 musnet
771 326 897 397 enr's
920 346 1105 398 mmm

242 508 377 573 llsslarii
391 513 585 594 interposuit
595 524 785 595 [amtor
797 514 947 596 mgiaetri
962 513 1224 578 Smhidiaoeni
1233 514 1394 578 Dnnolm.

242 628 300 691 pro
317 608 394 689 jure
417 628 475 669 suo
498 608 534 669 in
553 608 691 671 eeclesia
712 609 755 671 de
777 608 938 671 Honeden
952 624 986 672 et
1002 631 1062 692 pro
1074 622 1166 672 statu
1178 632 1248 672 suo.
1292 611 1340 672 Iit
1353 611 1395 673 in

241 703 423 864 h'njffl
434 704 663 767 testimoninm
678 718 854 787 praesentes
867 704 981 768 litem
994 706 1106 789 sigillo
1120 718 1231 770 nostro
1244 708 1395 790 signatas

240 820 287 864 ers
425 819 509 862 mus.

239 1145 287 1191 11.
311 1141 510 1187 salmantino?
546 1141 631 1187 GRH
654 1141 813 1187 comm
843 1143 906 1186 m
936 1143 1102 1187 OEI’ROEE
1132 1144 1172 1187 05
1202 1138 1392 1201 Cfflmss,

284 1238 428 1295 (illrum,
445 1238 523 1296 HC„
537 1238 577 1282 10
590 1238 654 1282 m
669 1238 768 1282 ΔΒΒΔῘ
783 1238 847 1282 mr
861 1239 1004 1282 COSVm
1018 1239 1058 1282 01
1072 1239 1116 1282 ST.
1132 1239 1232 1296 ΙΑΒΪ,
1246 1237 1344 1282 rou.

872 1310 1353 1386 zmomaumnes]

239 1477 345 1540 Annas
360 1482 394 1539 et
410 1473 596 1539 Conventus
618 1474 651 1537 S.
668 1472 783 1536 Mariae
797 1473 896 1536 Ebur.
912 1475 1071 1536 universis
1093 1473 1214 1537 Christi
1236 1470 1393 1536 fidelibus

237 1572 279 1637 ad
309 1592 390 1655 ‹luos
420 1591 557 1655 praesens
587 1573 745 1652 scriptum
782 1571 966 1652 pervenerit
1001 1570 1141 1632 salutem
1170 1571 1206 1632 in
1235 1571 1392 1632 Domino.

239 1669 376 1732 Noverit
392 1669 586 1729 universitas
599 1676 705 1727 vestra
716 1686 774 1727 nos
786 1665 905 1728 habere
920 1667 1180 1729 confirmationes
1194 1665 1392 1728 venerabilis

239 1766 339 1849 putris
370 1764 473 1826 ncrstri
500 1763 552 1823 w,
580 1763 641 1823 Ilei
668 1763 776 1844 gratia
809 1762 906 1823 Ebur.
931 1763 1164 1845 archiepiscopi
1194 1769 1230 1824 et
1259 1761 1391 1844 Angliae

239 1862 399 1944 primatis,
414 1866 449 1919 ct
472 1858 511 1920 ll.
528 1858 642 1919 decani
666 1866 700 1919 et
723 1857 861 1939 capituli
880 1858 977 1920 Ebur.
994 1859 1148 1935 ecelesiae,
1163 1867 1198 1921 et
1212 1859 1265 1920 W.
1280 1857 1390 1920 archi·

237 1958 365 2020 diaconi
385 1954 600 2029 lticlrernnnd,
615 1953 713 2015 verbo
728 1954 769 2014 ad
786 1954 920 2015 verbum
937 1955 971 2015 in
987 1954 1056 2016 baec
1071 1955 1233 2019 rerba:-

281 2052 446 2114 Waltcrus
462 2050 522 2111 llei
545 2050 652 2127 gratia
675 2049 772 2111 Ebor.
788 2051 1049 2132 archiepiscopus
1071 2059 1106 2113 et
1122 2051 1250 2133 Angliae
1263 2050 1389 2140 primas

236 2147 387 2211 onrnibuu
402 2145 522 2207 Christi
547 2144 697 2206 fidelibus
721 2145 778 2206 has
802 2145 914 2207 literas
938 2147 1130 2228 inspecturis
1150 2147 1202 2209 vel
1223 2147 1390 2210 audituris

235 2244 374 2306 srslutem
391 2242 425 2302 in
442 2240 593 2302 Domino.
640 2240 689 2300 Ad
705 2242 928 2303 universitatis
939 2249 1053 2305 vestrae
1068 2245 1221 2305 notitiam
1237 2243 1390 2306 volumus

236 2338 404 2422 pervenire
430 2335 518 2419 quod
544 2356 612 2410 nos,
635 2334 676 2398 de
700 2355 831 2398 assensu
857 2344 892 2399 et
915 2337 1085 2400 voluntate
1112 2338 1258 2421 Capituli
1282 2340 1389 2402 nostri

236 2433 333 2497 libor.
358 2432 502 2496 ecelesias
524 2437 559 2494 et
582 2431 633 2494 W.
655 2432 875 2494 archidiaconi
892 2433 1108 2510 Riehemuud‚
1131 2434 1260 2498 Divinae
1281 2436 1390 2518 pietu-

235 2532 279 2593 tiu
295 2530 434 2605 intuitu,
450 2527 655 2591 concedimus
678 2533 713 2590 et
728 2531 896 2610 praescntis
911 2529 1039 2612 paginae
1061 2531 1249 2593 testimonio
1270 2530 1389 2594 confir·

236 2648 372 2703 tnumutt,
394 2626 432 2688 Il.
448 2623 559 2687 abbati
583 2624 710 2686 Sanctae
733 2624 848 2687 Mariae
872 2626 980 2701 Ebur„
996 2631 1031 2688 et
1053 2627 1285 2689 successoribus
1308 2626 1388 2704 suis3

235 2732 269 2785 ot
285 2722 430 2805 ‹ejirsdem
447 2719 509 2782 loci
533 2721 720 2793 conventui,
736 2720 887 2782 ecelesias
909 2720 950 2782 de
967 2721 1134 2783 Katerilr'
1149 2722 1239 2784 etde
1255 2722 1388 2806 Gilling

236 2820 269 2881 iu
289 2817 596 2881 lticlrcrnundsclrire
612 2817 646 2876 in
672 2837 747 2877 usus
775 2819 921 2899 proprios
947 2819 1110 2881 habendas
1132 2820 1386 2902 imperpetuum,

235 2934 309 2975 curn
327 2911 478 2973 omnibus
494 2910 628 2992 capellis
644 2915 678 2971 et
694 2912 901 2992 pertinentiis
924 2915 1001 2988 suis,
1018 2915 1113 2993 salvis
1129 2917 1333 2997 portionibus
1347 2919 1386 2981 in

235 3007 358 3069 eisdem
374 3004 469 3067 modo
493 3006 664 3087 assignatis
680 3007 820 3082 vicariis,
836 3010 1047 3090 praesentibus
1070 3017 1105 3072 et
1127 3011 1256 3074 futuris.
1301 3013 1388 3077 Gon·

205 3162 210 3174 ,
236 3102 401 3164 linunuuu
418 3101 519 3163 etium
535 3099 632 3161 dictis
647 3100 758 3163 abbati
782 3108 817 3164 et
840 3104 1006 3167 monachis
1021 3105 1100 3168 duas
1115 3109 1229 3189 garbas
1244 3110 1388 3172 deeima-

236 3216 309 3261 rum
333 3196 372 3259 (le
396 3194 542 3259 llurtona
564 3195 691 3278 integre
715 3202 748 3259 et
771 3200 918 3260 omnium
944 3200 1142 3282 capellarum
1164 3203 1309 3286 ejusdem
1333 3227 1389 3268 ec-

235 3293 340 3359 clesiia
364 3294 399 3356 in
422 3312 497 3354 risus
520 3292 665 3376 proprios
688 3292 850 3357 habendas
874 3297 1127 3379 imperpetuum.
1172 3301 1227 3376 Et„
1243 3302 1388 3386 iusuper,

234 3388 397 3455 scsxdocim
413 3408 536 3451 mitreus
550 3387 591 3450 de
607 3392 677 3450 toto
690 3391 818 3452 residuo
830 3391 870 3452 ad
884 3390 1006 3454 dictam
1018 3393 1187 3457 ecclesiam
1198 3398 1387 3478 pertinente

234 3486 398 3551 nvieuriis
414 3483 560 3569 (piladem
575 3484 719 3548 ecclesia
741 3487 798 3567 qui
821 3506 879 3568 pro
902 3491 1049 3570 tempore
1065 3491 1188 3553 fuerint
1203 3494 1388 3577 percipien-

234 3583 290 3647 dus
305 3580 475 3646 itirnuutim
497 3580 741 3665 imperpetuum
764 3588 837 3663 post
860 3581 1026 3647 decessum
1048 3588 1196 3668 magistri
1212 3588 1387 3654 Michaelis

235 3678 339 3753 llclet,
363 3676 451 3741 salva
477 3677 632 3757 magistro
660 3676 818 3739 Michaeli
842 3676 883 3738 de
908 3678 1056 3756 Claivsse,
1074 3684 1180 3763 quoad
1205 3686 1334 3763 vixerit,
1350 3693 1388 3750 et

232 3772 466 3839 sircoosuoribus
489 3772 554 3833 siris
579 3771 613 3833 in
637 3771 751 3834 eadem
776 3771 912 3835 ecclesia
927 3774 1056 3837 vicariis
1079 3798 1137 3859 pro
1162 3784 1309 3863 tempore
1328 3803 1388 3846 ex-

232 3867 418 3943 istentibus,
434 3866 529 3950 plene
545 3871 580 3929 ct
595 3867 736 3950 integre,
752 3868 901 3951 portione
916 3889 1015 3951 quam
1031 3872 1126 3935 modo
1142 3875 1285 3956 possidet
1295 3878 1388 3944 idem

232 3964 389 4047 magister
405 3961 452 4025 M.
467 3959 508 4025 ‹lc
524 3960 657 4026 Clavile.
704 3962 791 4025 Item
810 3964 1017 4028 concedimus
1032 3972 1067 4030 et
1082 3969 1309 4036 confirmemus
1324 3976 1391 4038 eis-

233 4061 308 4127 dem
323 4057 435 4125 abbati
450 4062 485 4121 ot
501 4057 667 4121 monachis
682 4058 895 4122 medietatam
918 4061 1091 4144 garbarum
1106 4066 1209 4128 totius
1224 4069 1390 4150 parochiis

270 4272 284 4301 ο
299 4271 340 4327 (lu
363 4268 380 4325 7
402 4266 455 4324 ltnl.
476 4265 556 4333 tirno.
580 4266 658 4338 lats,
676 4267 797 4363 (irogorp
811 4269 862 4326 IX.
876 4270 992 4327 allowed
1012 4272 1182 4345 Duragucrrs
1202 4276 1236 4332 de
1255 4276 1391 4353 Pipcrm,

232 4347 468 4498 llldllllrlim
487 4345 519 4405 ol
537 4346 685 4418 Ostteriok,
709 4365 749 4405 co.
769 4347 855 4423 bork,
877 4356 905 4407 to
927 4350 960 4407 be
983 4354 1170 4411 nomme„
1193 4357 1303 4429 (ΑΜΕ
1321 4358 1399 4433 Β..
