2970 4964
172 304 243 376 236
457 320 679 374 sacnsrsnor
705 301 827 372 cnav’s
852 319 1035 374 66666666.

170 491 363 553 themselves
387 497 421 552 to
450 511 511 573 pay
535 491 644 573 yearly
666 491 727 553 ‘de
754 511 880 552 camera
904 489 978 553 sua’
999 496 1035 552 to
1053 491 1110 553 the
1132 489 1234 553 abbat
1258 490 1326 552 and

169 596 309 651 convent
325 589 362 649 of
376 588 553 650 Kirkestal.

215 782 271 843 LI.
317 781 450 856 Sononr,
467 784 506 841 10
517 780 581 841 kal.
595 780 616 842 J
619 781 688 841 unii
699 781 1031 844 xv.-Confirmation
1043 781 1081 843 of
1088 784 1213 864 agrant
1224 782 1326 844 made

169 878 213 960 by
229 879 279 939 W.
296 885 454 939 treasurer
475 878 512 938 oi
527 876 616 938 York
636 882 670 938 16
687 878 751 940 Aac
767 878 818 939 his
833 883 962 940 servant
977 878 1015 939 of
1035 877 1107 939 four
1130 879 1265 940 bovates
1288 880 1330 941 of

170 972 246 1035 land
264 976 297 1035 in
315 974 483 1048 (11666661
500 974 555 1034 the
571 972 726 1054 purchase
742 974 778 1034 of
799 973 871 1036 half
890 995 909 1035 a
926 979 1074 1035 carucate
1089 973 1127 1036 of
1145 973 1223 1035 land
1240 974 1325 1036 wilh

170 1072 214 1132 its
230 1071 485 1152 purtenanoesin
495 1068 648 1130 Tolreton
666 1069 769 1131 which
780 1070 836 1131 the
848 1070 918 1131 said
928 1070 993 1131 Azo
1010 1069 1136 1151 bought
1146 1069 1184 1131 of
1196 1069 1325 1133 Robert

172 1165 217 1227 fil.
242 1165 413 1240 Willelmi,
440 1185 473 1226 66
500 1164 675 1226 confirmed
701 1165 743 1246 by
767 1166 824 1228 the
848 1166 977 1228 charter
1003 1165 1040 1228 oi
1066 1166 1123 1227 the
1146 1165 1231 1228 dean
1254 1167 1323 1228 and

171 1261 305 1343 chapter
317 1261 353 1322 of
367 1259 465 1322 York.

216 1454 289 1515 LII.
335 1454 610 1528 1166666666666,
624 1452 822 1516 3166116611
835 1451 1102 1530 xn-Omnibus,
1113 1456 1175 1516 etc.
1198 1451 1324 1516 Sciatis

170 1571 227 1612 nos
243 1551 430 1612 concessisse
440 1555 473 1610 61
482 1549 641 1611 dimisisse
653 1549 757 1610 Alano
769 1549 837 1611 filio
850 1548 991 1623 liudulfi,
1002 1549 1142 1612 Roberto
1154 1550 1185 1612 le
1197 1549 1323 1627 Tanur,

170 1646 309 1708 lticardo
320 1645 514 1720 Mariscallo,
525 1650 559 1706 et
575 1645 700 1707 Simoni
716 1645 756 1706 (16
772 1646 937 1722 Aldeston,
951 1645 1053 1707 Aiane
1063 1645 1323 1721 deNentcsbire,

169 1742 274 1822 quoad
301 1742 488 1814 vixerimus,
503 1742 662 1802 mineram
684 1746 828 1803 nostram
851 1741 891 1802 (16
914 1740 1180 1817 Hextoldesham,
1196 1741 1323 1804 haben·

170 1838 256 1913 dam,
278 1837 439 1899 reddendo
465 1837 540 1897 inde
561 1837 733 1898 annuatim
757 1837 849 1898 nobis
869 1838 1041 1919 septimam
1064 1841 1191 1919 partem
1213 1839 1321 1899 totius

170 1935 322 2006 66166661
337 1939 488 1995 octavum
504 1933 673 1995 denarium
686 1933 725 1994 de
740 1934 900 1996 escambio
916 1934 1056 2016 argenti.
1095 1932 1321 1996 Concessimus

169 2033 270 2094 etiarn
285 2031 416 2106 eisdem,
428 2030 469 2091 ad
485 2031 754 2092 sustentationem
766 2051 938 2112 grovarum
950 2035 984 2092 et
999 2030 1161 2113 logiarum
1173 2050 1319 2106 suarum,

168 2128 209 2189 de
234 2127 327 2188 bosco
352 2133 460 2188 nostro
487 2125 735 2201 rationabiliter,
762 2127 832 2188 sine
856 2128 1030 2189 occasione.
1076 2126 1166 2187 Dicti
1193 2133 1318 2203 autem,

163 2223 350 2304 juramento
367 2223 521 2303 praestito,
538 2222 631 2282 nobis
646 2223 863 2304 promiserunt
878 2223 964 2303 quod
979 2223 1014 2283 in
1030 2221 1178 2304 qualibet
1193 2226 1317 2298 6661616,

168 2318 209 2381 ad
222 2319 342 2380 cibaria
353 2339 409 2378 suu
419 2339 475 2399 per
487 2322 594 2378 totum
605 2338 727 2379 annum
740 2318 958 2399 decoquenda,
969 2324 1003 2380 61
1015 2320 1125 2400 ignem
1135 2319 1316 2400 proprium,

167 2415 229 2476 sibi
246 2420 280 2475 et
300 2415 458 2474 ministris
475 2416 540 2475 suis
556 2414 596 2475 de
613 2415 715 2496 666116
736 2415 797 2476 sibi
815 2415 1042 2496 providebunt.
1088 2415 1177 2476 Etsi
1193 2421 1316 2497 pentae,

167 2512 278 2594 aliquo
294 2532 369 2573 casu
386 2512 607 2592 contingente,
624 2510 819 2572 sufficientes
834 2531 890 2592 per
905 2531 1029 2572 annum
1045 2511 1107 2572 sibi
1129 2511 1315 2594 perquirere

168 2628 232 2670 non
243 2612 386 2690 possunt,
402 2607 614 2668 concessimus
625 2606 745 2668 eisdem
755 2607 840 2688 quod
851 2607 1088 2669 rationabiliter
1103 2606 1315 2670 atmoderate

168 2704 208 2767 (16
220 2704 313 2766 bosco
324 2708 432 2765 nostro
445 2703 606 2764 defectum
618 2703 686 2764 sine
696 2707 787 2764 vasto
797 2702 993 2785 suppleatur.
1017 2703 1178 2766 Praeterea
1186 2723 1315 2765 conces·

168 2802 269 2862 simus
292 2800 413 2860 eisdem
430 2798 515 2880 quod
532 2819 606 2859 cum
622 2799 746 2859 minam
769 2799 804 2859 in
823 2799 947 2861 minera
967 2805 1077 2861 nostra
1099 2800 1313 2882 perquisitam

167 2902 259 2958 extra
283 2896 435 2956 forestam
463 2900 606 2955 nostram
630 2895 751 2956 6661666
775 2893 949 2971 voluerint,
979 2894 1077 2957 liceat
1103 2896 1226 2957 eisdem
1256 2915 1315 2979 per

167 2997 296 3054 noctem
319 3011 417 3051 unam
433 2990 528 3051 boves
552 3011 624 3052 suos
647 2992 682 3051 in
706 2994 838 3072 pastura
860 2995 970 3052 nostra
984 2990 1103 3053 habere
1118 2991 1186 3053 6166
1201 2991 1312 3073 aliquo

165 3087 415 3169 impediment03
432 3087 457 3146 si
474 3092 583 3147 autem
599 3086 709 3167 aliqua
724 3106 796 3168 pars
812 3085 954 3148 vehiculi
966 3087 1016 3148 sui
1031 3087 1065 3147 in
1076 3087 1194 3149 foresta
1203 3092 1314 3149 nostra

165 3189 345 3266 rumpatur,
362 3182 459 3244 liceat
474 3182 594 3244 eisdem
609 3183 650 3244 ad
667 3184 768 3264 ipsius
784 3183 1020 3264 reparationem
1036 3183 1077 3244 de
1093 3183 1186 3245 bosco
1202 3189 1313 3246 nostro

253 3327 260 3342 .
295 3325 303 3341 .
335 3280 402 3341 sine
419 3279 592 3341 occasione.
632 3279 676 3339 Et
692 3279 858 3341 sciendum
874 3279 960 3360 quod
976 3299 1040 3341 non
1056 3280 1178 3362 poterit
1193 3278 1314 3361 aliquis

166 3379 277 3440 ardere
302 3377 341 3438 (16
367 3377 491 3437 minora
515 3372 606 3436 eitra
632 3379 753 3437 terram
776 3379 920 3437 nostram
945 3375 1014 3436 sine
1039 3394 1169 3437 assensu
1191 3381 1313 3438 nostro.

166 3473 323 3535 Volumus
340 3473 439 3534 etiarn
455 3471 540 3552 quod
557 3470 693 3552 loquelae
709 3476 742 3533 et
757 3470 907 3553 querelae,
922 3491 994 3551 quae
1009 3471 1202 3534 emerserint
1217 3492 1315 3554 super

166 3571 326 3631 mineram
341 3570 426 3630 inter
445 3569 530 3649 16666
551 3569 737 3642 minatores,
748 3567 845 3649 juxta
866 3571 987 3628 rectam
1003 3571 1037 3628 et
1051 3567 1222 3648 antiquam
1237 3588 1316 3630 con-

166 3665 372 3726 suetudinem
399 3664 541 3736 66166666,
565 3684 673 3724 coram
697 3662 817 3724 ballivo
843 3668 952 3724 nostro
976 3662 1189 3739 deducantur,
1213 3664 1317 3729 salvis

165 3761 259 3823 nohis
282 3760 542 3821 amerciamcntis
557 3779 629 3839 qnae
652 3759 728 3821 inde
749 3760 967 3841 pervenerint..
1013 3758 1169 3821 Praedicti
1188 3765 1317 3839 autem,

159 3857 347 3940 juramento
370 3855 580 3937 corporaliter
603 3856 758 3936 praestito,
774 3855 867 3917 nobis
891 3855 1110 3936 promiserunt
1128 3854 1215 3936 qnod
1233 3876 1320 3938 praa·

163 3954 252 4016 (11616
271 3951 411 4013 fideliter
436 3952 556 4012 616166
578 3950 691 4012 fraude
711 3951 938 4026 observabunt,
962 3955 996 4012 et
1019 3970 1038 4011 a
1061 3950 1127 4012 suis
1146 3950 1320 4017 observari

162 4051 304 4123 facient3
327 4047 462 4129 etquod
478 4047 518 4108 do
534 4048 658 4108 minero
673 4054 781 4109 nostra
797 4048 837 4109 de
852 4052 948 4109 66616
965 4046 1017 4108 vel
1033 4047 1086 4108 die
1101 4046 1187 4109 nihil
1203 4067 1323 4133 aspor-

162 4145 297 4220 tabitur,
309 4146 371 4206 nisi
389 4144 561 4226 pervisum
577 4148 610 4204 et
626 4164 788 4205 assensum
805 4143 919 4205 ballivi
936 4144 1057 4218 nostri;
1080 4163 1140 4205 nec
1155 4143 1321 4213 damnum

163 4242 256 4302 nohis
283 4243 318 4302 in
343 4240 463 4303 foresta
487 4246 606 4316 nostra,
634 4240 669 4300 in
696 4240 790 4302 bosco
816 4239 965 4301 velleris
988 4239 1040 4300 vel
1063 4239 1323 4327 quibuscunque

162 4336 235 4398 aliis
259 4337 351 4398 nohis
367 4337 488 4398 facient
511 4356 570 4397 nec
594 4335 663 4397 fieri
679 4337 901 4397 consentient:
926 4336 991 4410 scd,
1008 4336 1033 4396 si
1050 4334 1219 4418 abaliquo
1244 4340 1323 4408 fieri

165 4435 391 4517 compererint,
419 4434 494 4495 inde
519 4432 678 4495 ballivum
702 4439 848 4495 nostrum
868 4433 990 4494 muniri
1016 4432 1147 4495 sacient.
1194 4434 1327 4504 Prohi-
