2970 4964
233 266 305 341 ill
515 286 738 340 immersum
763 268 886 338 casr'e
910 285 1095 339 necares.

231 456 376 519 ecclesiae
391 448 500 533 Ebot,
512 457 566 519 eui
581 456 795 539 permittente
808 455 951 518 Domino
966 456 1184 538 praesidemus,
1198 455 1240 518 de
1254 474 1390 518 mensu

232 553 377 635 Capituli
401 554 515 629 nostri,
530 554 733 627 concessisse,
756 552 910 614 dedisee’
926 557 962 614 et
984 554 1135 635 praesenti
1159 558 1248 614 carta
1269 551 1392 614 confir·

232 670 346 727 masse,
376 651 411 710 in
441 657 656 732 augmentum
686 649 890 711 cancellariae
922 649 1066 731 praefatae
1095 648 1240 712 ecclesiae
1268 653 1391 711 nostrae

233 747 330 808 libor.
347 747 600 828 imperpetuum,
620 745 790 808 ecelesiam
813 744 854 806 de
877 745 1023 818 Acelum,
1042 765 1116 806 eum
1140 744 1290 807 omnibus
1313 765 1391 827 pen-

232 841 386 904 tinentiis
401 843 478 917 suis,
495 839 642 916 liberem,
658 842 805 922 quietam
821 847 856 902 et
871 840 1011 902 solutam
1027 839 1068 901 eb
1084 840 1173 902 omni
1189 840 1276 922 jure,
1291 859 1389 902 exee-

232 939 323 1001 tione
338 944 373 1000 et
388 937 623 999 consuetudine
646 936 822 1019 episcopali
844 942 879 998 et
901 936 1164 1012 archidiaconali,
1179 936 1276 998 salvis
1290 935 1388 999 nobis

232 1042 268 1097 et
291 1034 526 1097 suecessoribus
550 1036 670 1096 nostris
693 1039 728 1096 et
751 1034 977 1096 archidiacono
1000 1033 1063 1095 loci
1087 1034 1237 1095 omnibus
1252 1033 1387 1116 placitis

232 1137 269 1194 et
283 1131 424 1213 querelis
439 1131 609 1192 hominum
626 1131 728 1213 ipsius
751 1130 921 1215 parochiae,
937 1135 1055 1210 praeter
1070 1128 1240 1190 hominum
1255 1129 1296 1191 de
1311 1130 1387 1212 ipsa

232 1227 370 1289 ecclesie
385 1228 581 1288 tenentium.
629 1226 675 1289 Ut
690 1231 801 1286 autem
816 1225 885 1287 haee
900 1231 1009 1287 nostre
1024 1227 1185 1287 concessio
1199 1229 1234 1288 et
1247 1225 1386 1287 donatio

233 1329 400 1406 perpetuae
429 1320 596 1383 firmitatis
629 1322 728 1384 robur
762 1322 920 1397 obtineat,
944 1323 1095 1403 praesenti
1127 1322 1248 1404 scripto
1265 1320 1386 1403 'sigilli

233 1419 417 1481 munimine
438 1419 626 1500 consignato
648 1437 720 1480 eam
744 1417 998 1479 confirmandam
1020 1417 1172 1480 duximus
1186 1421 1222 1479 et
1236 1417 1388 1480 corrobo-

233 1515 379 1577 randam.
436 1513 498 1574 His
532 1513 672 1575 testibus
702 1512 870 1575 Willelmo
905 1513 1116 1589 thesaurario,
1151 1518 1186 1576 et
1218 1514 1389 1596 magistris

233 1610 385 1673 Johanne
410 1609 566 1685 Romano,
592 1609 731 1670 Ricardo
755 1608 935 1685 Comubiae,
958 1615 992 1670 et
1018 1609 1160 1671 Reberte
1184 1608 1225 1670 de
1247 1609 1389 1671 Winton

233 1706 398 1768 canonicis
414 1705 523 1780 Ebur,
539 1705 645 1766 Adam
667 1704 708 1766 de
736 1703 867 1767 Stuvele
897 1705 1051 1766 canonico
1074 1703 1205 1790 suwell,
1227 1704 1389 1788 magistro

233 1803 382 1864 Johanne
406 1801 446 1862 de
462 1800 719 1883 Wintriugham,
743 1801 880 1863 Ricardo
903 1800 944 1862 de
967 1800 1132 1876 Bereford,
1152 1800 1321 1863 Willelmo
1344 1800 1390 1864 de

233 1899 348 1980 Vesey,
363 1902 397 1959 et
412 1896 524 1958 Odone
547 1897 587 1958 de
603 1895 760 1958 Riehem'.
805 1896 891 1958 Date
912 1896 998 1978 apud
1022 1895 1194 1979 Otington,
1208 1896 1308 1959 tertio
1331 1896 1389 1959 die

233 1994 361 2071 Martii,
376 1991 586 2075 pontificatus
602 1993 704 2054 nostri
720 2012 804 2054 anno
820 1993 969 2075 septime.

257 2361 325 2405 x1x.
349 2360 410 2404 'l'llll
426 2358 615 2404 Paosnssmh
631 2359 670 2404 OF
685 2361 870 2406 suessones
887 2361 975 2405 Maon
992 2361 1031 2407 ΒΥ
1046 2361 1186 2421 WALTER,
1202 2361 1316 2406 131811012
1332 2361 1374 2408 01·

545 2456 707 2517 cARLISLE,
723 2458 760 2502 ΤΟ
777 2457 974 2503 ARCHBISIIOP
989 2457 1082 2503 GRAY.

858 2531 940 2604 [Reg.
954 2532 1083 2603 Magnum
1097 2532 1209 2602 Album,
1222 2531 1259 2587 iii.
1273 2533 1351 2607 Sila]

235 2706 306 2769 Euo
328 2705 494 2768 Walterus
517 2704 729 2768 Carleolensis
752 2691 874 2766 electus
898 2702 1065 2787 episcopus
1089 2705 1243 2788 profiteor
1265 2713 1388 2773 senctae

235 2803 429 2863 liboracensi
457 2800 600 2863 ecelesiae
626 2806 661 2862 et
687 2801 761 2877 tibi,
785 2800 940 2876 Waltere,
965 2801 1061 2863 Ebor.
1085 2803 1324 2887 archiepiscope
1351 2812 1388 2869 et

235 2897 362 2977 duplica
389 2898 520 2978 primas,
543 2902 578 2957 et
603 2896 845 2959 suecessoribus
863 2898 929 2957 tuis
943 2898 1110 2959 canonice
1137 2899 1388 2979 substituendis,

234 2992 471 3073 subjectionem
488 2996 522 3052 et
538 2993 725 3052 cartonicam
741 2992 973 3070 obedientiam,
989 2998 1022 3056 et
1039 2997 1171 3077 propria
1185 3016 1286 3058 manu
1308 3017 1389 3060 eon-

234 3087 327 3149 firmo
343 3093 378 3148 et
392 3085 585 3163 subse-ribot

272 3280 285 3306 ”
300 3279 453 3333 confirmed
472 3278 509 3350 by
523 3279 660 3333 Honorius
678 3279 741 3350 Ill,
755 3281 772 3334 3
790 3279 825 3335 id.
841 3281 944 3342 March.
956 3300 1026 3337 anno
1043 3298 1069 3338 x.
1082 3284 1148 3356 ‘pro
1166 3299 1198 3339 eo
1216 3284 1289 3357 quod
1308 3285 1322 3357 (
1374 3318 1390 3332 -

233 3358 357 3429 cellaria)
371 3359 408 3412 sic
421 3358 490 3412 foret
503 3358 530 3411 in
552 3358 726 3413 facultatibus
742 3361 831 3414 tenuis
854 3369 881 3413 et
894 3361 980 3426 exilis,
994 3368 1025 3414 ut
1045 3363 1167 3418 redditus
1188 3364 1230 3416 sui
1251 3381 1389 3421 summam

233 3447 341 3493 centurn
355 3437 502 3491 solidorum
516 3454 567 3490 non
581 3438 741 3491 excuterent
754 3439 912 3493 arrrruetim.'
950 3439 1026 3510 (lleg
1037 3441 1149 3506 Album,
1158 3442 1196 3496 iii.
1206 3444 1256 3512 a3
1275 3447 1390 3501 entered

234 3536 268 3571 on
282 3518 375 3570 Addit.
391 3517 448 3570 Ms
466 3517 560 3583 15:352,
574 3517 650 3585 309.)

271 3595 389 3649 llichard
404 3596 450 3649 the
465 3594 545 3648 abbat
558 3595 610 3649 aud
630 3598 676 3649 the
692 3602 808 3649 convent
825 3597 856 3649 ol
871 3595 1009 3649 Thornton
1029 3605 1107 3667 grant
1120 3599 1166 3654 the
1179 3600 1279 3655 ehurch
1294 3607 1324 3656 to
1336 3603 1388 3660 the

234 3675 346 3747 chapter
365 3674 447 3739 (ibid.
467 3676 524 3743 io).
563 3675 590 3728 lt
611 3674 660 3727 hae
682 3675 749 3728 been
770 3676 851 3743 given
873 3681 902 3728 to
920 3675 1058 3730 Thomteu
1081 3679 1116 3748 by
1131 3679 1204 3734 ll'm.
1224 3681 1258 3734 de
1278 3680 1386 3739 scuras

234 3753 286 3807 llis
299 3760 376 3823 prout
390 3752 420 3806 ot
436 3753 457 3805 it
471 3770 527 3806 was
545 3753 690 3805 continued
710 3753 746 3824 hy
760 3753 890 3826 Stepheu,
903 3772 951 3807 son
966 3755 996 3807 ol
1012 3755 1130 3811 Herbert
1142 3757 1189 3811 the
1201 3758 1388 3817 chamberlain

233 3836 265 3899 ot
275 3834 320 3888 the
334 3834 401 3903 hiup
413 3836 443 3889 ol
454 3833 584 3887 Scotlaud
599 3834 667 3903 (lo).

270 3914 360 3967 llrruo
373 3913 420 3965 the
434 3912 502 3965 ‹leau
516 3912 568 3964 and
581 3912 628 3966 the
641 3913 754 3983 chapter
766 3912 796 3965 ol
807 3910 884 3967 Yorlr
897 3913 1007 3968 confirm
1022 3914 1069 3968 the
1081 3917 1279 3988 appropriation
1291 3919 1392 3977 which

233 3990 405 4062 Archbishop
418 3992 491 4061 llruy
505 3990 553 4043 has
563 3991 640 4044 made
653 3992 683 4044 ol
695 3992 741 4044 the
753 3990 886 4047 chutches
895 3992 925 4045 ol
935 3993 1104 4048 llurnbleton
1118 3995 1170 4048 and
1183 3997 1285 4050 Garteu
1298 4004 1329 4052 to
1339 4001 1389 4055 the

232 4068 313 4123 abbat
328 4072 379 4124 aud
398 4076 514 4123 convent
533 4069 563 4122 ul
577 4068 726 4127 Thermon.
765 4070 822 4124 l'he
840 4071 1002 4143 archbishop
1015 4072 1038 4125 is
1050 4092 1066 4126 a
1078 4074 1189 4128 witness
1202 4075 1285 4143 (lbid.
1297 4078 1334 4132 do
1347 4081 1377 4149 ὁ)

232 4147 290 4204 'l‘lre
315 4148 398 4202 abluit
420 4148 474 4202 aud
499 4156 615 4201 convent
639 4166 772 4202 muouuce
796 4150 869 4204 their
892 4151 967 4222 right
992 4160 1020 4205 to
1046 4152 1172 4208 Achiam.
1218 4153 1305 4210 There
1331 4159 1391 4215 had

230 4226 369 4298 evidenti>¹
383 4227 450 4281 lueu
463 4245 497 4280 uu
512 4227 657 4297 exrlruupc.

241 4368 245 4379 Ι
269 4306 411 4369 †l'rintcd
431 4305 458 4361 iu
479 4305 623 4374 ltupdulc's
642 4305 818 4369 hlonasticon,
837 4313 884 4360 ut.
903 4308 961 4361 edit.
982 4308 1019 4362 iii.
1040 4309 1099 4362 148.
1137 4309 1194 4367 The
1214 4311 1310 4384 bishop
1329 4333 1391 4376 was

231 4387 401 4441 corma-ratcd
413 4387 448 4457 by
459 4385 630 4458 Arelrbishop
643 4386 717 4457 Gray
729 4385 891 4443 abuutJuue
903 4389 952 4457 let,
965 4390 1040 4443 1223.
1061 4390 1155 4460 (Mett.
1167 4392 1251 4460 Paris,
1265 4392 1292 4447 ii.
1307 4396 1388 4468 255.)
