2970 4964
171 323 245 392 254
453 339 677 392 sacaarssor
703 320 826 392 aasr's
851 300 1038 393 nsorsraa.

504 715 614 776 Annus
636 713 815 777 Vrcrsruas
838 712 995 777 Ocrsras.

214 925 297 989 CIV.
345 925 505 1001 Karnos,
523 926 540 988 7
559 924 625 988 kal.
639 925 723 988 Mar.
741 924 1072 1001 xxviii-Omnibus,
1088 929 1151 988 etc.
1197 925 1252 988 W.
1265 924 1329 989 Dei

170 1026 287 1106 gratia,
313 1029 386 1098 etc,
412 1022 676 1103 assignationem,
707 1023 945 1084 concessionem
976 1026 1011 1084 et
1041 1021 1328 1086 confirmationem

170 1139 250 1200 quas
280 1118 317 1179 T.
334 1119 421 1200 prior
447 1122 481 1179 et
508 1123 686 1180 conventus
708 1116 749 1179 de
778 1117 962 1180 Bridlinton
990 1117 1032 1182 de
1055 1138 1185 1181 assensu
1215 1119 1328 1180 fratris

170 1214 314 1276 Huberti
339 1214 504 1295 quondam
528 1215 644 1296 prioris
668 1214 709 1276 de
732 1212 919 1275 Bridlinton
940 1213 1089 1276 feoenrnt
1111 1214 1204 1276 fratri
1228 1213 1328 1277 Alex-

170 1311 270 1371 andro
287 1310 326 1372 de
338 1309 483 1385 Dorsete,
496 1311 711 1372 concanonico
726 1330 794 1386 suo,
805 1330 899 1392 super
908 1316 1066 1392 perpetua
1080 1310 1327 1374 cohabitatione

170 1428 245 1469 cum
271 1406 385 1468 eodem
409 1407 452 1468 H.
468 1406 554 1488 apud
578 1405 824 1480 Halitruholm3
847 1411 882 1467 et
897 1426 993 1488 super
1007 1405 1141 1489 capitali
1157 1409 1327 1491 mesuagio

170 1503 210 1565 de
237 1502 474 1578 Halitrulrolm,
499 1507 572 1584 post
598 1503 776 1564 cessionem
803 1502 856 1564 vel
883 1502 1049 1565 decessum
1075 1503 1180 1584 ipsius
1202 1502 1269 1578 H.;
1293 1508 1329 1566 et

116 1622 117 1625 ¹
168 1621 264 1682 super
280 1620 330 1660 nx.
347 1599 473 1661 bovatis
496 1604 591 1660 terrae
611 1599 646 1659 in
662 1597 842 1660 Rudestain
860 1618 934 1660 cum
950 1597 1084 1681 capitali
1107 1599 1279 1683 mesuagio
1294 1605 1329 1663 et

169 1703 301 1778 pastura
326 1697 445 1756 taxatis
471 1695 512 1756 ad
538 1714 590 1756 xv.
607 1714 745 1772 marcas3
769 1700 804 1757 et
826 1715 923 1778 super
938 1714 989 1757 xv.
1002 1695 1119 1757 marcis
1134 1699 1171 1757 et
1185 1694 1328 1759 dimidia

169 1791 411 1872 sterlingorum,
421 1789 528 1871 quoad
543 1791 663 1852 vixerit
678 1791 894 1873 percipiendis
908 1790 996 1873 apud
1011 1789 1150 1867 Burton,
1160 1790 1201 1853 de
1214 1790 1327 1856 liberis

171 1886 358 1948 hominibus
374 1891 408 1948 et
423 1885 542 1947 bundis
558 1906 670 1947 eorum
686 1885 727 1948 de
740 1886 1034 1968 Flemmingeburg
1048 1891 1083 1948 et
1098 1885 1140 1949 de
1156 1886 1328 1963 Fordune;

170 1990 205 2044 et
239 2003 334 2065 super
357 2002 387 2044 v.
412 1984 529 2044 marcis
555 1982 772 2065 percipiendis
798 1983 839 2044 de
864 2002 991 2045 camera
1014 2003 1126 2045 eorum
1151 1990 1327 2067 postquam

171 2079 309 2141 liberata
330 2080 429 2140 fuerit
452 2078 567 2141 domus
591 2079 632 2140 de
657 2077 885 2141 Bridlintona
912 2099 984 2140 xxx.
1003 2079 1120 2141 marcis
1144 2081 1180 2141 in
1204 2081 1326 2162 quibus

171 2175 259 2236 dioto
276 2175 318 2235 H.
336 2181 485 2248 tenetur3
502 2179 587 2236 ratas
603 2175 758 2236 habentes
775 2180 809 2237 et
824 2179 943 2258 gratas,
959 2195 1021 2251 eas,
1031 2174 1130 2258 juxta
1143 2177 1235 2258 quod
1251 2197 1327 2240 con-

169 2271 296 2331 tinetur
311 2271 345 2330 iu
362 2271 580 2332 instrumento
608 2271 752 2352 ipsorum
775 2271 892 2352 prioris
907 2275 943 2332 et
957 2275 1134 2333 conventus
1150 2292 1250 2354 super
1265 2273 1326 2336 hoc

169 2368 327 2440 confecto,
343 2371 440 2447 prout
456 2367 609 2428 canonice
625 2367 817 2442 factasunt,
833 2367 1029 2429 auctoritate
1044 2372 1155 2429 nostra
1170 2367 1326 2432 duximus

171 2461 417 2524 confirmandas.
463 2460 512 2523 De
542 2462 713 2524 voluntate
742 2466 854 2524 autem
880 2462 990 2524 fratris
1016 2462 1048 2525 J.
1071 2462 1113 2525 de
1140 2463 1326 2541 Edenham,

168 2560 385 2640 procuratoris
416 2559 580 2620 dictorum
604 2560 720 2647 prioris
744 2563 779 2620 et
803 2563 980 2622 conventus
1004 2558 1045 2621 ad
1068 2558 1129 2622 hoc
1152 2559 1237 2638 dati,
1260 2566 1327 2624 sts·

167 2656 293 2717 tuimus
319 2654 457 2736 quodsi
485 2654 623 2716 eundem
650 2654 881 2730 Alexandrum,
908 2675 1025 2737 guerra
1048 2654 1102 2717 vel
1131 2655 1200 2718 alia
1228 2677 1326 2720 causa

168 2751 379 2833 impediente,
400 2771 465 2812 non
490 2771 580 2832 posse
602 2750 728 2812 fructus
750 2751 913 2813 dictarum
937 2772 988 2813 xx.
1011 2751 1204 2814 bovatarum
1227 2757 1325 2817 cerrae

168 2849 343 2929 percipere,
359 2852 417 2908 aut
442 2847 468 2907 si
490 2847 627 2908 eandem
649 2855 771 2908 terram
794 2846 892 2909 dictis
913 2848 1015 2930 priori
1031 2851 1066 2910 et
1080 2852 1261 2914 conventui
1282 2851 1325 2915 ad

167 2941 294 3000 firmam
313 2941 497 3016 tradiderit,
521 2947 555 3002 et
570 2942 632 3023 ipsi
649 2943 684 3003 in
700 2941 861 3005 solutione
882 2943 985 3025 ipsius
1003 2941 1106 3006 firmae
1120 2941 1234 3027 aliquo
1258 2951 1325 3010 ter·

167 3036 331 3097 minorum
348 3039 436 3099 inter
458 3058 511 3100 eos
527 3039 708 3100 constituto
724 3039 930 3114 cessaverint,
954 3043 989 3101 et
1010 3039 1038 3100 si
1054 3038 1244 3122 hujusmodi
1261 3044 1324 3105 im-

167 3132 375 3214 pedientibus
390 3135 494 3195 causis
510 3135 551 3196 de
574 3134 672 3196 dictis
695 3135 883 3197 hominibus
906 3135 1056 3217 praefatas
1071 3155 1122 3197 xv.
1139 3155 1267 3201 marcas
1289 3145 1325 3202 et

167 3228 339 3290 dimidiam
364 3229 481 3292 habere
505 3230 702 3311 nequiverit,
729 3236 787 3292 aut
814 3232 843 3292 si
872 3231 936 3314 ipsi
967 3231 1056 3314 prior
1080 3234 1116 3293 et
1141 3241 1325 3300 conventus

166 3331 278 3386 contra
293 3326 396 3387 dictas
411 3326 509 3388 aliter
524 3346 686 3388 concessas
709 3330 744 3388 et
760 3326 964 3389 confirmatas
978 3329 1016 3388 in
1031 3326 1143 3409 aliquo
1159 3334 1325 3410 venerint,

166 3424 399 3484 monasterium
423 3423 462 3484 de
481 3422 669 3483 Bridlinton
692 3442 711 3483 a
732 3422 947 3485 celebratione
968 3422 1165 3487 Divinorum
1185 3427 1232 3489 sit
1255 3449 1325 3492 sus-

165 3538 312 3598 pensum,
329 3523 363 3579 ct
379 3518 478 3580 liceat
493 3517 600 3579 eidem
617 3517 799 3580 Alexandro
815 3519 918 3581 libere
938 3519 1067 3600 ingredi
1083 3523 1325 3601 possessionem

165 3615 309 3676 ecclesiae
325 3614 365 3675 de
382 3614 499 3687 Cuton,
516 3618 551 3675 et
572 3634 643 3676 eam
659 3618 771 3677 tenere
787 3615 888 3677 donec
907 3616 937 3677 ei
959 3635 1056 3698 super
1071 3617 1225 3682 omnibus
1241 3643 1324 3705 prae-

164 3711 269 3771 missis
285 3731 342 3792 per
357 3710 461 3772 dictos
477 3711 618 3791 priorem
636 3715 670 3772 et
686 3714 881 3772 conventum
898 3711 1001 3773 fuerit
1015 3710 1162 3795 plenarie
1174 3719 1325 3782 satisfac-

164 3810 247 3867 tum.
295 3807 339 3868 Et
355 3811 393 3868 ut
408 3807 476 3869 hrec
492 3807 612 3884 omnia,
629 3812 691 3869 etc.
738 3807 900 3884 TestibuS,
916 3813 978 3871 etc.

496 4157 622 4245 [Annas
644 4160 822 4225 Vrcasraas
844 4158 983 4248 Nonas]

206 4359 270 4423 CV.
316 4359 464 4435 Wrrnor,
491 4361 509 4420 5
541 4358 586 4421 id.
619 4361 695 4442 Apr.
722 4359 961 4424 xxix—Grant
985 4366 1020 4424 to
1046 4359 1174 4442 Simon,
1198 4385 1259 4432 son
1289 4371 1327 4435 ol

160 4456 284 4519 Robert
308 4457 349 4519 de
374 4455 586 4532 Moneketon,
602 4457 638 4518 of
657 4462 788 4538 pasture
808 4458 858 4521 for
874 4479 925 4520 xx.
943 4458 1087 4522 ‘averia’
1105 4460 1142 4523 in
1163 4463 1223 4528 the
1248 4488 1323 4550 pas·
