<?xml version="1.0" encoding="UTF-8"?>
<!DOCTYPE html PUBLIC "-//W3C//DTD XHTML 1.0 Transitional//EN"
    "http://www.w3.org/TR/xhtml1/DTD/xhtml1-transitional.dtd">
<html xmlns="http://www.w3.org/1999/xhtml" xml:lang="en" lang="en">
 <head>
  <title>
</title>
<meta http-equiv="Content-Type" content="text/html;charset=utf-8" />
  <meta name='ocr-system' content='tesseract 3.04.00' />
  <meta name='ocr-capabilities' content='ocr_page ocr_carea ocr_par ocr_line ocrx_word'/>
</head>
<body>
  <div class='ocr_page' id='page_1' title='image "./registerorrolls00graygoog_0354.png"; bbox 0 0 2970 4964; ppageno 0'>
   <div class='ocr_carea' id='block_1_1' title="bbox 523 325 1301 399">
    <p class='ocr_par' dir='ltr' id='par_1_1' title="bbox 523 325 1301 399">
     <span class='ocr_line' id='line_1_1' title="bbox 523 325 1301 399; baseline -0.001 -3"><span class='ocrx_word' id='word_1_1' title='bbox 523 344 702 397; x_wconf 75' lang='lat' dir='ltr'>sensnum</span> <span class='ocrx_word' id='word_1_2' title='bbox 726 345 771 397; x_wconf 88' lang='lat' dir='ltr'>ro</span> <span class='ocrx_word' id='word_1_3' title='bbox 796 345 885 399; x_wconf 75' lang='lat' dir='ltr'>enar</span> <span class='ocrx_word' id='word_1_4' title='bbox 910 344 950 396; x_wconf 92' lang='lat'>11.</span> <span class='ocrx_word' id='word_1_5' title='bbox 1228 325 1301 396; x_wconf 84' lang='lat'>293</span> 
     </span>
    </p>
   </div>
   <div class='ocr_carea' id='block_1_2' title="bbox 148 507 1300 1650">
    <p class='ocr_par' dir='ltr' id='par_1_2' title="bbox 148 507 1300 1650">
     <span class='ocr_line' id='line_1_2' title="bbox 154 507 1300 595; baseline 0.003 -25"><span class='ocrx_word' id='word_1_6' title='bbox 154 508 235 572; x_wconf 90' lang='lat' dir='ltr'>dicti</span> <span class='ocrx_word' id='word_1_7' title='bbox 245 511 387 595; x_wconf 80' lang='lat' dir='ltr'>episcopi</span> <span class='ocrx_word' id='word_1_8' title='bbox 397 507 450 575; x_wconf 89' lang='lat' dir='ltr'>vel</span> <span class='ocrx_word' id='word_1_9' title='bbox 465 511 636 575; x_wconf 91' lang='lat' dir='ltr'>hominum</span> <span class='ocrx_word' id='word_1_10' title='bbox 648 533 796 589; x_wconf 83' lang='lat' dir='ltr'>suorum3</span> <span class='ocrx_word' id='word_1_11' title='bbox 812 513 865 575; x_wconf 89' lang='lat' dir='ltr'>vel</span> <span class='ocrx_word' id='word_1_12' title='bbox 879 513 989 575; x_wconf 86' lang='lat' dir='ltr'>averia</span> <span class='ocrx_word' id='word_1_13' title='bbox 1000 512 1081 574; x_wconf 90' lang='lat' dir='ltr'>dicti</span> <span class='ocrx_word' id='word_1_14' title='bbox 1093 512 1236 595; x_wconf 78' lang='lat' dir='ltr'>episcopi</span> <span class='ocrx_word' id='word_1_15' title='bbox 1247 511 1300 573; x_wconf 87' lang='lat' dir='ltr'>vel</span> 
     </span>
     <span class='ocr_line' id='line_1_3' title="bbox 152 605 1298 692; baseline 0.003 -26"><span class='ocrx_word' id='word_1_16' title='bbox 152 605 323 669; x_wconf 92' lang='lat' dir='ltr'>hominum</span> <span class='ocrx_word' id='word_1_17' title='bbox 335 629 466 671; x_wconf 87' lang='lat' dir='ltr'>suorum</span> <span class='ocrx_word' id='word_1_18' title='bbox 476 609 511 671; x_wconf 93' lang='lat' dir='ltr'>in</span> <span class='ocrx_word' id='word_1_19' title='bbox 523 612 654 692; x_wconf 90' lang='lat' dir='ltr'>pratum</span> <span class='ocrx_word' id='word_1_20' title='bbox 666 609 747 672; x_wconf 89' lang='lat' dir='ltr'>dicti</span> <span class='ocrx_word' id='word_1_21' title='bbox 759 609 993 692; x_wconf 88' lang='lat' dir='ltr'>archiepiscopi</span> <span class='ocrx_word' id='word_1_22' title='bbox 1002 629 1060 692; x_wconf 88' lang='lat' dir='ltr'>per</span> <span class='ocrx_word' id='word_1_23' title='bbox 1071 610 1253 671; x_wconf 82' lang='lat' dir='ltr'>evasionem</span> <span class='ocrx_word' id='word_1_24' title='bbox 1264 610 1298 669; x_wconf 93' lang='lat' dir='ltr'>in</span> 
     </span>
     <span class='ocr_line' id='line_1_4' title="bbox 152 704 1298 785; baseline 0.001 -22"><span class='ocrx_word' id='word_1_25' title='bbox 152 707 299 785; x_wconf 85' lang='lat' dir='ltr'>tempore</span> <span class='ocrx_word' id='word_1_26' title='bbox 315 704 512 767; x_wconf 85' lang='lat' dir='ltr'>defensionis</span> <span class='ocrx_word' id='word_1_27' title='bbox 526 706 743 781; x_wconf 87' lang='lat' dir='ltr'>intraverunt,</span> <span class='ocrx_word' id='word_1_28' title='bbox 758 705 835 767; x_wconf 90' lang='lat' dir='ltr'>inde</span> <span class='ocrx_word' id='word_1_29' title='bbox 850 706 920 767; x_wconf 88' lang='lat' dir='ltr'>sine</span> <span class='ocrx_word' id='word_1_30' title='bbox 935 704 1065 767; x_wconf 84' lang='lat' dir='ltr'>laesione</span> <span class='ocrx_word' id='word_1_31' title='bbox 1080 710 1114 767; x_wconf 90' lang='lat' dir='ltr'>et</span> <span class='ocrx_word' id='word_1_32' title='bbox 1134 705 1298 766; x_wconf 85' lang='lat' dir='ltr'>occasione</span> 
     </span>
     <span class='ocr_line' id='line_1_5' title="bbox 151 799 1298 884; baseline 0.003 -26"><span class='ocrx_word' id='word_1_33' title='bbox 151 799 319 862; x_wconf 73' lang='lat' dir='ltr'>curialiter</span> <span class='ocrx_word' id='word_1_34' title='bbox 333 800 572 884; x_wconf 84' lang='lat' dir='ltr'>effugabuntur.</span> <span class='ocrx_word' id='word_1_35' title='bbox 596 800 632 864; x_wconf 86' lang='lat' dir='ltr'>Si</span> <span class='ocrx_word' id='word_1_36' title='bbox 648 805 760 864; x_wconf 87' lang='lat' dir='ltr'>autem</span> <span class='ocrx_word' id='word_1_37' title='bbox 774 821 832 884; x_wconf 90' lang='lat' dir='ltr'>per</span> <span class='ocrx_word' id='word_1_38' title='bbox 843 801 982 863; x_wconf 88' lang='lat' dir='ltr'>wardam</span> <span class='ocrx_word' id='word_1_39' title='bbox 997 800 1128 876; x_wconf 84' lang='lat' dir='ltr'>factam,</span> <span class='ocrx_word' id='word_1_40' title='bbox 1140 800 1298 882; x_wconf 81' lang='lat' dir='ltr'>imparcc-</span> 
     </span>
     <span class='ocr_line' id='line_1_6' title="bbox 151 891 1298 978; baseline 0.005 -24"><span class='ocrx_word' id='word_1_41' title='bbox 151 891 284 972; x_wconf 85' lang='lat' dir='ltr'>buutnr,</span> <span class='ocrx_word' id='word_1_42' title='bbox 294 901 329 958; x_wconf 90' lang='lat' dir='ltr'>et</span> <span class='ocrx_word' id='word_1_43' title='bbox 343 901 423 959; x_wconf 90' lang='lat' dir='ltr'>tunc</span> <span class='ocrx_word' id='word_1_44' title='bbox 437 896 614 959; x_wconf 84' lang='lat' dir='ltr'>secundum</span> <span class='ocrx_word' id='word_1_45' title='bbox 623 895 737 978; x_wconf 11' lang='lat' dir='ltr'>‘legem</span> <span class='ocrx_word' id='word_1_46' title='bbox 751 900 846 959; x_wconf 84' lang='lat' dir='ltr'>terrae</span> <span class='ocrx_word' id='word_1_47' title='bbox 857 902 892 959; x_wconf 86' lang='lat' dir='ltr'>et</span> <span class='ocrx_word' id='word_1_48' title='bbox 903 896 1170 959; x_wconf 86' lang='lat' dir='ltr'>consuetudinem</span> <span class='ocrx_word' id='word_1_49' title='bbox 1182 896 1298 978; x_wconf 79' lang='lat' dir='ltr'>patriae</span> 
     </span>
     <span class='ocr_line' id='line_1_7' title="bbox 151 988 1298 1075; baseline 0.003 -25"><span class='ocrx_word' id='word_1_50' title='bbox 151 988 428 1055; x_wconf 73' lang='lat' dir='ltr'>deliberabuntur.</span> <span class='ocrx_word' id='word_1_51' title='bbox 467 992 598 1055; x_wconf 87' lang='lat' dir='ltr'>Licebit</span> <span class='ocrx_word' id='word_1_52' title='bbox 612 993 714 1054; x_wconf 89' lang='lat' dir='ltr'>etiam</span> <span class='ocrx_word' id='word_1_53' title='bbox 729 993 817 1055; x_wconf 89' lang='lat' dir='ltr'>dicto</span> <span class='ocrx_word' id='word_1_54' title='bbox 833 992 1073 1075; x_wconf 81' lang='lat' dir='ltr'>archiepiscopo</span> <span class='ocrx_word' id='word_1_55' title='bbox 1089 998 1124 1056; x_wconf 87' lang='lat' dir='ltr'>et</span> <span class='ocrx_word' id='word_1_56' title='bbox 1138 1013 1298 1054; x_wconf 85' lang='lat' dir='ltr'>successo-</span> 
     </span>
     <span class='ocr_line' id='line_1_8' title="bbox 150 1083 1297 1171; baseline 0.003 -25"><span class='ocrx_word' id='word_1_57' title='bbox 150 1083 241 1148; x_wconf 90' lang='lat' dir='ltr'>ribus</span> <span class='ocrx_word' id='word_1_58' title='bbox 255 1086 331 1164; x_wconf 89' lang='lat' dir='ltr'>suis,</span> <span class='ocrx_word' id='word_1_59' title='bbox 346 1088 476 1169; x_wconf 83' lang='lat' dir='ltr'>quando</span> <span class='ocrx_word' id='word_1_60' title='bbox 486 1087 660 1164; x_wconf 86' lang='lat' dir='ltr'>voluerint,</span> <span class='ocrx_word' id='word_1_61' title='bbox 670 1088 863 1170; x_wconf 87' lang='lat' dir='ltr'>praedictum</span> <span class='ocrx_word' id='word_1_62' title='bbox 878 1094 1009 1171; x_wconf 88' lang='lat' dir='ltr'>pratum</span> <span class='ocrx_word' id='word_1_63' title='bbox 1024 1108 1120 1151; x_wconf 83' lang='lat' dir='ltr'>suum</span> <span class='ocrx_word' id='word_1_64' title='bbox 1130 1088 1297 1150; x_wconf 89' lang='lat' dir='ltr'>includere</span> 
     </span>
     <span class='ocr_line' id='line_1_9' title="bbox 148 1179 1298 1268; baseline 0.003 -27"><span class='ocrx_word' id='word_1_65' title='bbox 148 1179 226 1243; x_wconf 86' lang='lat' dir='ltr'>haia</span> <span class='ocrx_word' id='word_1_66' title='bbox 239 1182 294 1245; x_wconf 86' lang='lat' dir='ltr'>vel</span> <span class='ocrx_word' id='word_1_67' title='bbox 308 1184 436 1260; x_wconf 86' lang='lat' dir='ltr'>fossato,</span> <span class='ocrx_word' id='word_1_68' title='bbox 456 1184 544 1247; x_wconf 84' lang='lat' dir='ltr'>salva</span> <span class='ocrx_word' id='word_1_69' title='bbox 559 1189 670 1246; x_wconf 83' lang='lat' dir='ltr'>tamen</span> <span class='ocrx_word' id='word_1_70' title='bbox 685 1204 858 1246; x_wconf 78' lang='lat' dir='ltr'>commune</span> <span class='ocrx_word' id='word_1_71' title='bbox 873 1184 962 1247; x_wconf 87' lang='lat' dir='ltr'>dicto</span> <span class='ocrx_word' id='word_1_72' title='bbox 978 1185 1127 1268; x_wconf 87' lang='lat' dir='ltr'>episcopo</span> <span class='ocrx_word' id='word_1_73' title='bbox 1143 1188 1177 1247; x_wconf 90' lang='lat' dir='ltr'>et</span> <span class='ocrx_word' id='word_1_74' title='bbox 1191 1184 1298 1249; x_wconf 89' lang='lat' dir='ltr'>homi-</span> 
     </span>
     <span class='ocr_line' id='line_1_10' title="bbox 148 1276 1297 1364; baseline 0.005 -27"><span class='ocrx_word' id='word_1_75' title='bbox 148 1276 245 1341; x_wconf 90' lang='lat' dir='ltr'>nibus</span> <span class='ocrx_word' id='word_1_76' title='bbox 256 1280 321 1341; x_wconf 83' lang='lat' dir='ltr'>suis</span> <span class='ocrx_word' id='word_1_77' title='bbox 332 1299 390 1362; x_wconf 89' lang='lat' dir='ltr'>per</span> <span class='ocrx_word' id='word_1_78' title='bbox 398 1284 640 1363; x_wconf 77' lang='lat' dir='ltr'>competentem</span> <span class='ocrx_word' id='word_1_79' title='bbox 651 1281 843 1364; x_wconf 83' lang='lat' dir='ltr'>ingressum,</span> <span class='ocrx_word' id='word_1_80' title='bbox 855 1281 941 1342; x_wconf 90' lang='lat' dir='ltr'>sicut</span> <span class='ocrx_word' id='word_1_81' title='bbox 951 1281 1098 1362; x_wconf 87' lang='lat' dir='ltr'>superius</span> <span class='ocrx_word' id='word_1_82' title='bbox 1109 1288 1159 1342; x_wconf 88' lang='lat' dir='ltr'>est</span> <span class='ocrx_word' id='word_1_83' title='bbox 1170 1300 1297 1362; x_wconf 84' lang='lat' dir='ltr'>expres·</span> 
     </span>
     <span class='ocr_line' id='line_1_11' title="bbox 148 1375 1296 1458; baseline 0.004 -25"><span class='ocrx_word' id='word_1_84' title='bbox 148 1392 230 1436; x_wconf 84' lang='lat' dir='ltr'>sum.</span> <span class='ocrx_word' id='word_1_85' title='bbox 275 1375 407 1438; x_wconf 76' lang='lat' dir='ltr'>Licebit</span> <span class='ocrx_word' id='word_1_86' title='bbox 421 1376 524 1439; x_wconf 86' lang='lat' dir='ltr'>etiam</span> <span class='ocrx_word' id='word_1_87' title='bbox 534 1376 622 1438; x_wconf 87' lang='lat' dir='ltr'>dicto</span> <span class='ocrx_word' id='word_1_88' title='bbox 633 1377 783 1458; x_wconf 89' lang='lat' dir='ltr'>episcopo</span> <span class='ocrx_word' id='word_1_89' title='bbox 794 1380 829 1437; x_wconf 85' lang='lat' dir='ltr'>ct</span> <span class='ocrx_word' id='word_1_90' title='bbox 838 1375 1070 1438; x_wconf 87' lang='lat' dir='ltr'>successoribus</span> <span class='ocrx_word' id='word_1_91' title='bbox 1081 1377 1157 1452; x_wconf 89' lang='lat' dir='ltr'>suis,</span> <span class='ocrx_word' id='word_1_92' title='bbox 1166 1376 1296 1457; x_wconf 91' lang='lat' dir='ltr'>quando</span> 
     </span>
     <span class='ocr_line' id='line_1_12' title="bbox 148 1468 1297 1553; baseline 0.003 -23"><span class='ocrx_word' id='word_1_93' title='bbox 148 1468 324 1549; x_wconf 86' lang='lat' dir='ltr'>voluerint,</span> <span class='ocrx_word' id='word_1_94' title='bbox 339 1475 471 1553; x_wconf 88' lang='lat' dir='ltr'>pratum</span> <span class='ocrx_word' id='word_1_95' title='bbox 492 1471 658 1534; x_wconf 89' lang='lat' dir='ltr'>includere</span> <span class='ocrx_word' id='word_1_96' title='bbox 673 1472 750 1533; x_wconf 85' lang='lat' dir='ltr'>haia</span> <span class='ocrx_word' id='word_1_97' title='bbox 764 1470 817 1532; x_wconf 90' lang='lat' dir='ltr'>vel</span> <span class='ocrx_word' id='word_1_98' title='bbox 831 1469 962 1546; x_wconf 87' lang='lat' dir='ltr'>fossato,</span> <span class='ocrx_word' id='word_1_99' title='bbox 978 1470 1065 1533; x_wconf 85' lang='lat' dir='ltr'>salva</span> <span class='ocrx_word' id='word_1_100' title='bbox 1080 1475 1190 1533; x_wconf 85' lang='lat' dir='ltr'>tamen</span> <span class='ocrx_word' id='word_1_101' title='bbox 1209 1491 1297 1533; x_wconf 91' lang='lat' dir='ltr'>com-</span> 
     </span>
     <span class='ocr_line' id='line_1_13' title="bbox 148 1567 1296 1650; baseline 0.003 -24"><span class='ocrx_word' id='word_1_102' title='bbox 148 1583 249 1627; x_wconf 87' lang='lat' dir='ltr'>muna</span> <span class='ocrx_word' id='word_1_103' title='bbox 264 1567 352 1631; x_wconf 89' lang='lat' dir='ltr'>dicto</span> <span class='ocrx_word' id='word_1_104' title='bbox 367 1568 608 1649; x_wconf 87' lang='lat' dir='ltr'>archiepiscopo</span> <span class='ocrx_word' id='word_1_105' title='bbox 624 1571 658 1629; x_wconf 86' lang='lat' dir='ltr'>et</span> <span class='ocrx_word' id='word_1_106' title='bbox 673 1567 862 1629; x_wconf 90' lang='lat' dir='ltr'>hominibus</span> <span class='ocrx_word' id='word_1_107' title='bbox 885 1567 951 1629; x_wconf 89' lang='lat' dir='ltr'>suis</span> <span class='ocrx_word' id='word_1_108' title='bbox 974 1588 1032 1650; x_wconf 88' lang='lat' dir='ltr'>per</span> <span class='ocrx_word' id='word_1_109' title='bbox 1054 1572 1296 1650; x_wconf 84' lang='lat' dir='ltr'>competentem</span> 
     </span>
    </p>
   </div>
   <div class='ocr_carea' id='block_1_3' title="bbox 147 1661 1430 1747">
    <p class='ocr_par' dir='ltr' id='par_1_3' title="bbox 147 1661 1430 1747">
     <span class='ocr_line' id='line_1_14' title="bbox 147 1661 1430 1747; baseline 0.002 -25"><span class='ocrx_word' id='word_1_110' title='bbox 147 1661 340 1744; x_wconf 83' lang='lat' dir='ltr'>ingressum,</span> <span class='ocrx_word' id='word_1_111' title='bbox 356 1664 441 1728; x_wconf 86' lang='lat' dir='ltr'>sicut</span> <span class='ocrx_word' id='word_1_112' title='bbox 464 1664 612 1746; x_wconf 83' lang='lat' dir='ltr'>superius</span> <span class='ocrx_word' id='word_1_113' title='bbox 627 1667 677 1725; x_wconf 88' lang='lat' dir='ltr'>est</span> <span class='ocrx_word' id='word_1_114' title='bbox 692 1683 886 1746; x_wconf 82' lang='lat' dir='ltr'>expressum.</span> <span class='ocrx_word' id='word_1_115' title='bbox 932 1663 978 1726; x_wconf 86' lang='lat' dir='ltr'>Et</span> <span class='ocrx_word' id='word_1_116' title='bbox 993 1668 1031 1725; x_wconf 91' lang='lat' dir='ltr'>ut</span> <span class='ocrx_word' id='word_1_117' title='bbox 1046 1663 1201 1747; x_wconf 86' lang='lat' dir='ltr'>praedicta</span> <span class='ocrx_word' id='word_1_118' title='bbox 1223 1685 1296 1747; x_wconf 91' lang='lat' dir='ltr'>per-</span> <span class='ocrx_word' id='word_1_119' title='bbox 1424 1672 1430 1686; x_wconf 87' lang='lat'><strong><em>‘</em></strong></span> 
     </span>
    </p>
   </div>
   <div class='ocr_carea' id='block_1_4' title="bbox 146 1757 1294 2223">
    <p class='ocr_par' dir='ltr' id='par_1_4' title="bbox 146 1757 1294 2223">
     <span class='ocr_line' id='line_1_15' title="bbox 148 1757 1293 1842; baseline 0.003 -25"><span class='ocrx_word' id='word_1_120' title='bbox 148 1759 284 1838; x_wconf 86' lang='lat' dir='ltr'>petuam</span> <span class='ocrx_word' id='word_1_121' title='bbox 298 1759 470 1823; x_wconf 88' lang='lat' dir='ltr'>obtineant</span> <span class='ocrx_word' id='word_1_122' title='bbox 484 1757 689 1833; x_wconf 81' lang='lat' dir='ltr'>firmitatem,</span> <span class='ocrx_word' id='word_1_123' title='bbox 704 1758 893 1821; x_wconf 76' lang='lat' dir='ltr'>factumest</span> <span class='ocrx_word' id='word_1_124' title='bbox 914 1759 976 1822; x_wconf 92' lang='lat' dir='ltr'>hoc</span> <span class='ocrx_word' id='word_1_125' title='bbox 999 1760 1157 1842; x_wconf 88' lang='lat' dir='ltr'>scriptum</span> <span class='ocrx_word' id='word_1_126' title='bbox 1172 1761 1207 1821; x_wconf 93' lang='lat' dir='ltr'>in</span> <span class='ocrx_word' id='word_1_127' title='bbox 1223 1781 1293 1822; x_wconf 92' lang='lat' dir='ltr'>mo-</span> 
     </span>
     <span class='ocr_line' id='line_1_16' title="bbox 148 1851 1293 1938; baseline 0.004 -26"><span class='ocrx_word' id='word_1_128' title='bbox 148 1851 226 1913; x_wconf 94' lang='lat' dir='ltr'>dum</span> <span class='ocrx_word' id='word_1_129' title='bbox 243 1854 436 1936; x_wconf 86' lang='lat' dir='ltr'>cirographi,</span> <span class='ocrx_word' id='word_1_130' title='bbox 448 1853 541 1937; x_wconf 88' lang='lat' dir='ltr'>cnjus</span> <span class='ocrx_word' id='word_1_131' title='bbox 556 1873 710 1937; x_wconf 81' lang='lat' dir='ltr'>unapars</span> <span class='ocrx_word' id='word_1_132' title='bbox 725 1853 843 1937; x_wconf 83' lang='lat' dir='ltr'>sigillis</span> <span class='ocrx_word' id='word_1_133' title='bbox 855 1854 937 1917; x_wconf 86' lang='lat' dir='ltr'>dicti</span> <span class='ocrx_word' id='word_1_134' title='bbox 947 1856 1089 1938; x_wconf 86' lang='lat' dir='ltr'>episcopi</span> <span class='ocrx_word' id='word_1_135' title='bbox 1106 1859 1140 1917; x_wconf 89' lang='lat' dir='ltr'>et</span> <span class='ocrx_word' id='word_1_136' title='bbox 1155 1855 1293 1938; x_wconf 89' lang='lat' dir='ltr'>capituli</span> 
     </span>
     <span class='ocr_line' id='line_1_17' title="bbox 147 1947 1294 2035; baseline 0.005 -26"><span class='ocrx_word' id='word_1_137' title='bbox 147 1947 309 2026; x_wconf 88' lang='lat' dir='ltr'>Lincoln.,</span> <span class='ocrx_word' id='word_1_138' title='bbox 324 1954 360 2013; x_wconf 89' lang='lat' dir='ltr'>et</span> <span class='ocrx_word' id='word_1_139' title='bbox 376 1950 480 2013; x_wconf 85' lang='lat' dir='ltr'>altera</span> <span class='ocrx_word' id='word_1_140' title='bbox 494 1971 568 2034; x_wconf 86' lang='lat' dir='ltr'>pars</span> <span class='ocrx_word' id='word_1_141' title='bbox 588 1950 707 2034; x_wconf 85' lang='lat' dir='ltr'>sigillis</span> <span class='ocrx_word' id='word_1_142' title='bbox 726 1951 961 2034; x_wconf 86' lang='lat' dir='ltr'>archiepiscopi</span> <span class='ocrx_word' id='word_1_143' title='bbox 983 1957 1018 2014; x_wconf 93' lang='lat' dir='ltr'>et</span> <span class='ocrx_word' id='word_1_144' title='bbox 1036 1952 1173 2035; x_wconf 86' lang='lat' dir='ltr'>capituli</span> <span class='ocrx_word' id='word_1_145' title='bbox 1196 1952 1294 2015; x_wconf 85' lang='lat' dir='ltr'>Ebor.</span> 
     </span>
     <span class='ocr_line' id='line_1_18' title="bbox 146 2047 1294 2133; baseline 0.006 -27"><span class='ocrx_word' id='word_1_146' title='bbox 146 2051 197 2107; x_wconf 85' lang='lat' dir='ltr'>est</span> <span class='ocrx_word' id='word_1_147' title='bbox 216 2047 354 2128; x_wconf 82' lang='lat' dir='ltr'>signata.</span> <span class='ocrx_word' id='word_1_148' title='bbox 401 2047 483 2111; x_wconf 86' lang='lat' dir='ltr'>Acta</span> <span class='ocrx_word' id='word_1_149' title='bbox 498 2068 608 2111; x_wconf 84' lang='lat' dir='ltr'>mense</span> <span class='ocrx_word' id='word_1_150' title='bbox 631 2048 727 2125; x_wconf 86' lang='lat' dir='ltr'>Jnlii,</span> <span class='ocrx_word' id='word_1_151' title='bbox 750 2068 834 2112; x_wconf 90' lang='lat' dir='ltr'>anno</span> <span class='ocrx_word' id='word_1_152' title='bbox 855 2049 990 2112; x_wconf 87' lang='lat' dir='ltr'>Domini</span> <span class='ocrx_word' id='word_1_153' title='bbox 1016 2056 1111 2112; x_wconf 89' lang='lat' dir='ltr'>m⁰cc.</span> <span class='ocrx_word' id='word_1_154' title='bbox 1131 2050 1294 2133; x_wconf 88' lang='lat' dir='ltr'>quinqua-</span> 
     </span>
     <span class='ocr_line' id='line_1_19' title="bbox 147 2143 396 2223; baseline 0.008 -20"><span class='ocrx_word' id='word_1_155' title='bbox 147 2143 272 2223; x_wconf 83' lang='lat' dir='ltr'>gesimo</span> <span class='ocrx_word' id='word_1_156' title='bbox 287 2144 396 2207; x_wconf 87' lang='lat' dir='ltr'>tertio.</span> 
     </span>
    </p>
   </div>
   <div class='ocr_carea' id='block_1_5' title="bbox 0 0 1490 4964">
    <p class='ocr_par' dir='ltr' id='par_1_5' title="bbox 0 0 1490 4964">
     <span class='ocr_line' id='line_1_20' title="bbox 0 0 1490 4964; baseline 0 4"><span class='ocrx_word' id='word_1_157' title='bbox 0 0 1490 4964; x_wconf 95' lang='lat' dir='ltr'> </span> 
     </span>
    </p>
   </div>
  </div>
 </body>
</html>
