2970 4964
255 337 328 411 220
543 359 765 412 menarsnor
790 349 912 414 onar’s
937 362 1121 417 66616666.

254 531 341 591 sicut
356 529 396 591 de
412 549 457 605 re,
472 549 545 611 quae
560 531 708 612 seqnitur
722 530 910 607 domicilia3
933 533 960 594 si
982 538 1093 595 autem
1116 533 1281 597 incertum
1297 534 1408 612 fuerit,

255 625 374 686 habeat
398 624 457 686 illa
482 625 619 687 ecclesia
634 626 806 702 decimam,
822 627 907 688 infra
923 627 1016 710 cnjus
1032 629 1155 692 limites
1171 635 1321 713 tempore
1336 637 1408 694 ton·

254 722 354 783 sionis
385 742 459 782 oves
489 722 713 783 inveniuntur.
758 722 808 784 De
838 722 933 798 lacte,
964 724 1123 802 volumus,
1153 727 1242 809 quod
1272 727 1407 790 decimae

254 818 430 893 solvantur,
447 818 525 880 dum
541 818 659 891 durat3
683 820 743 879 viz.
760 819 800 880 de
824 838 914 880 caseo
937 824 1085 902 tempore
1107 841 1185 896 su03
1207 827 1243 884 et
1264 823 1306 884 de
1322 824 1405 886 lacte

254 914 290 974 in
306 920 463 975 autumno
479 920 513 975 61
529 915 644 995 hyeme
658 938 666 989 ;
689 915 752 975 nisi
768 915 954 996 parochiani
970 923 1212 999 competentem
1227 918 1335 982 velint
1350 941 1405 1003 pro

254 1010 389 1071 decimis
405 1010 526 1071 talibus
541 1011 646 1071 faeere
662 997 921 1092 redemptionem
935 1035 943 1086 ;
967 1019 1001 1074 61
1023 1013 1085 1074 hoc
1099 1014 1140 1075 ad
1156 1014 1302 1077 valorem
1319 1001 1405 1078 deci·

254 1126 316 1169 rnae
338 1112 371 1167 61
395 1107 600 1168 commodum
623 1106 776 1168 ecclesiae.
822 1106 871 1168 De
887 1109 1100 1188 proventibus
1115 1114 1228 1171 autem
1243 1111 1404 1173 molendi-

253 1223 380 1276 norum,
412 1202 569 1277 volumus,
600 1203 686 1283 quod
717 1203 864 1265 decirnae·
881 1205 1055 1285 exigantur
1091 1212 1125 1267 et
1154 1206 1334 1281 solvantur,
1365 1209 1404 1270 ad

253 1299 394 1360 valorem
407 1306 636 1380 proventuum,
654 1304 688 1359 ct
703 1299 763 1359 hoc
779 1300 842 1360 nisi
858 1300 983 1361 domini
996 1321 1054 1381 pro
1064 1301 1171 1363 valore
1184 1308 1408 1384 proventuum,

253 1395 375 1456 faciant
400 1396 667 1477 redemptionem.
713 1394 762 1455 De
792 1397 933 1477 pasturis
963 1402 1075 1457 autem
1105 1402 1140 1458 et
1170 1398 1310 1480 pascuis,
1338 1405 1403 1461 tam

252 1493 480 1553 communibus
495 1512 592 1572 quam
608 1511 673 1552 non
690 1491 926 1566 communibus,
950 1493 1135 1568 statuimus,
1158 1493 1246 1573 quod
1269 1494 1403 1556 decimae

253 1588 396 1650 fideliter
430 1587 665 1670 persolvantur,
696 1592 730 1648 61
761 1589 822 1648 hoc
852 1608 910 1670 per
940 1608 1114 1650 numerum
1144 1589 1341 1652 animalium
1370 1597 1404 1653 et

253 1685 391 1760 dierum,
422 1687 449 1746 si
490 1684 623 1766 expedit
662 1684 815 1746 ecclesie.
876 1685 925 1746 De
956 1685 1189 1766 piscationibus
1219 1691 1334 1748 autem
1371 1695 1404 1749 61

251 1782 377 1862 apibus,
412 1783 497 1842 sicut
532 1782 571 1843 de
602 1780 752 1841 omnibus
783 1779 857 1841 aliis
886 1778 979 1842 bonis
1005 1780 1095 1862 juste
1126 1783 1308 1863 acquisitis,
1332 1804 1404 1865 quae

251 1881 448 1939 renovantur
474 1898 531 1959 per
557 1896 690 1951 annum,
721 1876 904 1951 statuimus,
935 1876 1022 1957 quod
1050 1877 1184 1939 decimae
1216 1878 1403 1959 exigantur,

251 1973 306 2034 sed
330 1973 441 2035 debito
464 1973 570 2034 modo.
617 1971 800 2033 Statuimus
822 1974 934 2046 etiam,
949 1972 1036 2053 quod
1060 1972 1194 2034 decimae
1217 1975 1403 2054 personales

251 2069 418 2131 solvantur
448 2070 488 2131 de
519 2067 708 2143 artificibus,
736 2068 776 2130 de
800 2067 1044 2143 mercatoribus,
1072 2073 1107 2130 et
1132 2069 1174 2130 de
1196 2066 1289 2132 lucro
1305 2092 1404 2153 nego·

133 2221 135 2224 4
250 2166 408 2241 tiationis,
439 2164 592 2226 similiter
627 2164 667 2225 (16
699 2165 920 2245 carpentariis,
951 2165 1060 2238 fabris,
1098 2165 1293 2242 textoribus,
1324 2188 1404 2249 pan-

250 2262 469 2336 doxatoribus,
500 2267 533 2323 et
567 2260 716 2322 omnibus
752 2260 826 2321 aliis
852 2261 1073 2341 stipendiariis
1100 2262 1277 2343 operariis3
1312 2265 1404 2327 vide-

250 2355 329 2419 licet
343 2361 430 2441 quod
446 2360 525 2420 dent
540 2357 680 2418 decimas
696 2356 736 2417 de
757 2357 929 2438 stipendiis
944 2357 1020 2431 suis,
1035 2358 1099 2418 nisi
1114 2357 1177 2438 ipsi
1192 2359 1404 2439 stipendiarii

249 2451 381 2535 aliquod
412 2461 538 2514 certum
564 2452 668 2514 velint
691 2452 767 2513 dare
791 2452 832 2514 ad
863 2472 953 2534 opus,
974 2450 1026 2513 vel
1046 2453 1087 2514 ad
1110 2452 1220 2514 lumen
1246 2455 1403 2531 ecclesiae,

249 2550 276 2610 si
307 2551 425 2610 rectori
455 2550 626 2631 placuerit.
672 2548 712 2610 In
741 2548 901 2629 petitione
932 2553 1044 2610 autem
1074 2549 1266 2632 principalis
1298 2551 1401 2635 legati

248 2646 408 2721 volumus,
424 2647 511 2727 quod
526 2644 725 2708 consuetudo
749 2645 923 2727 provinciae
945 2665 1021 2706 cum
1037 2648 1232 2727 possessione
1256 2647 1403 2712 eeclesiae

248 2741 459 2816 observetur;
481 2743 530 2803 ita
557 2746 666 2802 tamen
688 2741 775 2822 quod
799 2745 904 2802 rector
927 2740 1070 2803 ecclesiae
1092 2743 1127 2802 in
1151 2744 1316 2824 petitione
1332 2767 1403 2821 sua,

249 2838 316 2898 sive
332 2838 433 2899 fuerit
448 2839 597 2913 vicarius,
613 2840 680 2899 sive
704 2835 889 2919 capellanus
912 2856 1049 2911 annuus,
1065 2838 1184 2900 habeat
1207 2838 1318 2902 Deum
1335 2863 1402 2925 prae

249 2933 363 2994 oculis.
409 2933 473 2995 Sed
482 2935 637 3014 quoniam
653 2933 751 2995 multi
767 2933 983 2994 inveniuntur
994 2933 1136 2995 decimas
1147 2933 1225 2996 dare
1237 2937 1400 3015 nolentes,

248 3030 433 3104 statuimus,
457 3030 544 3112 quod
569 3029 757 3112 parochiani
776 3028 1012 3090 admoneantur
1042 3029 1160 3111 primo,
1183 3034 1339 3110 secundo,
1367 3042 1401 3097 et

248 3126 357 3200 tertio,
374 3130 412 3186 ut
436 3126 576 3188 decimas
592 3126 660 3188 Deo
685 3131 720 3187 61
742 3123 884 3187 ecclesiae
908 3124 1048 3187 fideliter
1064 3125 1201 3202 solvant,
1216 3129 1308 3209 quod
1323 3132 1351 3192 si
1367 3153 1400 3194 66

246 3241 311 3283 non
327 3223 580 3297 emendaverint,
596 3223 701 3303 primo
713 3222 754 3283 ab
764 3222 912 3304 ingressu
923 3220 1066 3284 ecclesiae
1081 3223 1322 3305 suspendantur
1335 3248 1344 3302 ;
1367 3235 1400 3290 61

246 3320 292 3380 616
308 3320 440 3381 demum
456 3320 497 3380 ad
517 3318 713 3380 solutionem
729 3319 931 3380 decimarum
954 3338 1011 3400 per
1034 3338 1203 3381 censuram
1226 3321 1397 3387 ecclesias-

246 3418 358 3492 ticam,
375 3418 402 3478 si
427 3436 554 3477 necesse
582 3415 694 3489 fuerit,
710 3413 961 3495 compellantur.
1007 3413 1043 3477 si
1070 3420 1181 3476 tamen
1209 3415 1310 3481 dictae
1330 3439 1399 3482 sus·

245 3514 406 3595 pensionis
416 3512 648 3573 relaxationem
658 3510 710 3571 vel
720 3510 958 3572 absolutionem
966 3511 1397 3592 pet-ierint,adordinarium

245 3609 389 3671 locorum
405 3611 581 3670 mittantur
595 3606 793 3682 absolvendi,
809 3611 844 3668 61
859 3607 970 3668 debito
985 3606 1081 3668 modo
1097 3608 1268 3688 puniendi.
1315 3611 1399 3674 Rec-

244 3710 329 3767 tores
356 3711 467 3766 autem
487 3703 707 3778 ecclesiarum,
722 3723 778 3763 seu
794 3703 919 3778 vicarii,
935 3723 992 3764 seu
1018 3702 1180 3785 capellani
1207 3708 1323 3783 annui,
1339 3709 1396 3791 qui

244 3803 415 3884 praedictas
439 3802 579 3864 decimas
609 3800 764 3882 praedicto
794 3799 901 3874 modo,
932 3820 990 3861 seu
1019 3804 1153 3881 propter
1182 3801 1398 3869 formidinem

245 3898 424 3973 hominum,
440 3919 496 3959 seu
511 3897 666 3973 favorem,
682 3896 742 3958 Dei
759 3895 877 3957 timore
892 3896 1084 3978 postposito,
1101 3916 1176 3958 cnm
1192 3897 1317 3962 effectu
1332 3921 1397 3964 non

244 3996 411 4077 petierint,
428 4014 523 4077 poena
538 3993 754 4076 suspensionis
774 3992 984 4067 innodentur,
1001 3993 1103 4053 donec
1118 3992 1295 4057 dimidiam
1311 4016 1399 4060 mar·

243 4111 315 4153 cam
329 4093 458 4175 argenti
474 4112 532 4174 pro
548 4110 606 4152 sua
621 4089 844 4152 inobedientia
858 4088 1084 4151 archidiacono
1100 4087 1333 4171 persolverint.
