2970 4964
217 314 288 410 262
497 354 721 408 monarsnor
746 333 869 406 oarv’s
894 352 1079 407 morsm.

263 526 361 590 CXL.
407 525 541 602 Scirona,
568 525 607 588 17
632 523 698 586 kal.
722 523 799 585 Dec.
823 523 1091 585 xxxv.-Grant
1118 518 1265 602 ‘Rogare
1297 517 1369 581 filio

218 624 307 697 Adra,
330 623 459 697 clerico,
483 623 594 702 nepoti
617 621 782 682 karissimi
813 621 911 681 amici
942 619 1045 682 nostri
1072 618 1181 680 fratris
1204 615 1370 678 Willelmi

217 719 365 780 hostIarii
390 739 523 779 camerae
548 718 672 778 domini
700 714 817 797 Papa:
833 719 869 777 of
890 719 960 777 40⁸.
976 713 1114 796 sterling
1136 734 1193 796 per
1215 733 1291 775 ann.
1308 711 1371 773 ‘de

217 837 344 878 camera
360 815 489 889 nostra‚’
506 813 560 874 till
577 834 623 875 we
638 814 720 875 have
744 812 901 894 provided
917 813 988 874 him
1003 815 1039 874 to
1054 832 1073 873 a
1090 810 1197 873 better
1211 808 1370 871 benefice.

262 1009 376 1072 CXLI.
423 1008 579 1081 Bsrvroa,
596 1010 631 1068 in
647 1009 788 1069 crastIno
803 1007 992 1069 octabarum
1008 1006 1040 1069 S.
1057 1006 1206 1081 Marum,
1225 1007 1370 1066 1249.-

218 1103 406 1166 Reverendo
430 1104 562 1165 domino
590 1109 625 1165 et
655 1105 740 1185 patri
764 1105 800 1164 iu
824 1103 953 1166 Christo
978 1103 1029 1164 W.
1050 1102 1113 1164 Dei
1137 1102 1243 1183 gratia
1267 1100 1366 1162 Ebor.

216 1201 468 1281 archiepiscopo,
494 1199 621 1280 Angliae
651 1201 797 1280 primati,
821 1220 896 1261 suus
922 1200 956 1260 In
980 1200 1131 1261 omnibus
1161 1197 1298 1259 devotus
1320 1195 1367 1257 H.

217 1296 305 1358 filius
327 1296 407 1357 Rad'
431 1296 571 1357 salutem
598 1297 633 1357 in
660 1296 811 1357 Domine.
850 1294 1011 1368 Quoniam
1039 1295 1197 1356 medietas
1222 1291 1368 1354 eeclesiae

217 1393 256 1455 de
278 1393 428 1456 Selestun
444 1398 537 1454 vacat
553 1414 610 1474 per
625 1399 763 1454 mortem
781 1392 898 1474 Rogeri
915 1391 955 1453 de
972 1392 1056 1453 Esex
1071 1391 1204 1453 rectoris
1218 1388 1368 1472 ejusdem

215 1508 319 1571 nuper
331 1489 489 1564 defuncti,
502 1494 536 1549 et
545 1489 586 1549 ad
599 1490 881 1570 praesentationem
893 1509 1001 1549 meam
1014 1492 1158 1570 spectare
1174 1486 1367 1560 dinoscitur,

215 1585 336 1647 idcirco
368 1584 525 1646 dilectum
552 1605 662 1646 meum
690 1585 741 1645 W.
769 1585 809 1646 de
836 1584 1006 1645 Museham
1033 1584 1199 1659 clericum,
1226 1582 1366 1644 latorem

215 1684 435 1764 praesentium,
452 1681 493 1742 ad
509 1681 769 1762 praesentandum
793 1680 946 1742 clericum
969 1702 1043 1742 cum
1060 1701 1186 1742 necesse
1202 1680 1314 1754 fuerit,
1330 1684 1367 1741 et

216 1779 256 1841 ad
273 1777 505 1860 appellandum
521 1778 657 1858 nequid
674 1776 732 1847 fiat
753 1778 787 1838 in
811 1777 1038 1859 praejudicium
1055 1777 1141 1858 juris
1157 1776 1234 1852 meI,
1249 1795 1366 1858 procu-

214 1879 354 1935 ratorem
373 1894 483 1934 meum
497 1863 672 1947 'constitua
688 1878 796 1937 ratum
820 1877 854 1933 et
874 1879 1006 1954 gratum
1021 1872 1192 1935 habiturus
1206 1870 1366 1953 quicquid

214 1970 303 2032 idem
319 1970 371 2030 W.
390 1971 423 2030 in
441 1970 635 2050 supradictis
651 1989 758 2030 coram
774 1967 865 2030 vobis
881 1969 1011 2030 duxerit
1026 1969 1222 2030 faciendum.
1269 1967 1366 2029 Idem

214 2067 362 2148 partibus
377 2066 624 2146 quibuscunque
640 2066 722 2125 mihi
744 2065 990 2126 adversantibus
1005 2064 1164 2146 significo.
1195 2063 1312 2126 Valete
1328 2065 1365 2125 in

214 2161 365 2223 Domino.

259 2355 392 2418 CXLII.
438 2353 688 2416 Memorandum
697 2356 783 2438 quod
793 2355 847 2416 die
857 2354 990 2418 Sabbati
1002 2357 1148 2438 proximo
1159 2362 1232 2439 post
1240 2356 1365 2418 festum

213 2452 324 2514 Boatae
345 2452 510 2513 Katerinae
532 2472 616 2512 anno
640 2451 773 2512 Domini
797 2451 971 2514 millesimo
988 2452 1209 2515 ducentesimo
1224 2453 1366 2535 quadra-

212 2551 336 2632 gesimo
360 2569 444 2609 nono
468 2549 603 2608 accessit
627 2547 788 2608 Robertus
811 2548 853 2609 de
876 2547 907 2608 N
910 2569 968 2610 ovo
992 2548 1139 2611 Mercato
1162 2548 1299 2610 clericus
1321 2550 1365 2612 ad

213 2646 418 2730 praeentiam
434 2643 667 2725 archiepiscopi
691 2644 777 2725 apud
795 2643 922 2720 Cawud‚
938 2656 1064 2729 etcum
1079 2650 1241 2707 constaret
1256 2646 1366 2707 archi-

212 2744 362 2825 episcopo
378 2741 465 2823 qnod
480 2741 569 2801 idem
592 2738 752 2801 Robertus
776 2762 833 2822 per
855 2741 1013 2802 decanum
1036 2742 1213 2804 Doncastre
1229 2749 1365 2825 propter

212 2845 414 2921 sequestrum
430 2837 573 2898 ecclesias
588 2836 628 2897 de
640 2833 782 2917 Arkesay
794 2838 829 2897 in
841 2857 874 2897 se
890 2836 996 2898 latum
1011 2838 1125 2900 fuisset
1139 2840 1365 2900 excommuni-

213 2935 351 2995 cationis
361 2933 490 2993 vinculo
503 2932 688 3005 innodatus
699 2932 821 2993 obtulit
833 2933 864 2994 ei
876 2934 1135 3015 archiepiscopus
1146 2933 1365 2997 absolutionis

213 3027 408 3092 beneficium
426 3029 451 3088 si
473 3028 672 3089 satisfaceret
694 3048 752 3108 pro
776 3027 904 3089 offensa.
950 3029 1043 3090 Idem
1065 3034 1176 3091 autem
1202 3029 1364 3094 Robertus

213 3125 375 3187 confessus
390 3124 457 3184 fuIt
479 3145 510 3184 se
527 3125 843 3185 excommunicatum
859 3125 956 3187 fuisse
972 3125 1214 3202 denunciatum,
1230 3126 1288 3187 sed
1303 3147 1365 3209 pro

214 3221 334 3284 offensa
350 3221 532 3281 satisfacere
549 3227 587 3281 ut
602 3221 715 3281 decuit
729 3241 793 3281 non
807 3223 942 3283 curavit.
967 3222 1233 3304 Archiepiscopus
1249 3228 1366 3286 autem

213 3319 343 3407 decanis
370 3318 410 3379 de
436 3316 632 3378 Donecastre
660 3323 694 3378 et
717 3316 870 3378 Pontisfr'
886 3318 1093 3398 postmodum
1117 3321 1248 3401 scripsit
1274 3321 1365 3402 quod

213 3420 415 3497 sequestrum
431 3434 525 3474 suum
542 3418 610 3473 tarn
626 3413 666 3473 de
690 3411 825 3475 ecclesia
841 3414 881 3475 de
898 3413 1040 3497 Arkesay
1055 3435 1153 3497 quam
1169 3415 1367 3499 Wilmerlay

212 3511 300 3573 salvo
317 3510 478 3571 custodire
501 3521 662 3582 curarent,
679 3508 815 3571 rebelles
838 3514 872 3571 et
888 3510 1061 3573 violatores
1083 3512 1265 3573 monitione
1280 3533 1366 3594 prae·

212 3610 309 3668 missa
332 3629 388 3689 per
411 3607 755 3668 excommunicationis
782 3608 979 3669 sententiam
1004 3608 1241 3691 compescenda.
1288 3608 1366 3673 Hoc

211 3704 392 3766 notandum
419 3702 506 3784 quod
532 3709 736 3783 sequestrum
767 3704 960 3784 praedictum
990 3705 1089 3766 fuisse
1116 3704 1276 3767 violatum
1304 3727 1365 3789 per

210 3803 385 3863 servientes
401 3821 474 3861 suos
490 3800 530 3860 ad
547 3804 744 3881 praeceptum
761 3801 863 3882 ipsius
880 3802 945 3863 fuit
960 3802 1131 3863 confessus.

254 3998 405 4061 CXLIII.
438 3994 504 4081 [No
515 3993 716 4081 drite.]-IV.
730 3996 791 4058 Dei
803 3997 921 4078 gratia,
933 4002 1006 4073 eta,
1019 3997 1130 4060 abbati
1141 4003 1175 4059 et
1184 4002 1365 4063 conventui

207 4096 247 4159 de
263 4096 405 4157 Derham
422 4093 572 4168 salutem,
589 4098 651 4154 etc.
698 4092 780 4155 Cum
797 4094 879 4154 bona
896 4095 1015 4156 vicario
1032 4094 1174 4158 ecciesiae
1190 4099 1307 4157 vestrae
1323 4098 1365 4160 de

206 4191 355 4273 Kirkeby
371 4191 518 4273 Malgam
534 4190 698 4269 assignata
721 4190 760 4250 ad
785 4189 854 4271 ejus
870 4191 1142 4253 sustentationem
1157 4196 1192 4253 et
1206 4191 1249 4253 ad
1265 4212 1366 4256 onera

205 4309 277 4370 quae
293 4290 416 4349 vicario
440 4286 636 4348 incumbunt
657 4286 844 4347 sustInendu
869 4307 932 4348 non
949 4287 1121 4363 sufficiant,
1138 4289 1223 4349 sicut
1246 4288 1366 4368 fertur,

202 4384 403 4461 volentesut
424 4384 531 4446 eidem
549 4383 668 4443 vicario
694 4383 734 4445 de
760 4382 857 4445 dictae
882 4383 1025 4447 ecelesiae
1050 4384 1262 4466 proventibus
1286 4407 1366 4449 con·

202 4501 285 4562 grue
301 4482 408 4562 portio
424 4482 618 4560 assignetur,
635 4479 675 4540 de
698 4499 763 4560 quo
782 4480 888 4560 possit
912 4501 945 4541 se
968 4485 1002 4542 et
1017 4480 1160 4543 eeclesiae
1177 4502 1277 4543 onera
1293 4504 1366 4546 sus·
